2424 3944
146 156 189 220 58
488 156 657 208 οσοτιοεε
676 154 814 209 οεεῑοε.

145 302 205 366 τὸν
227 311 346 366 κῶυου.
392 298 582 365 ἐλεύσονται
609 298 651 383 δὴ
678 299 760 363 κατὰ
786 299 846 374 τὰς
867 302 949 382 ΑΖ,
967 301 1043 381 ΑΓ,
1072 297 1154 363 ἐπει·

147 408 250 494 δήπερ
274 406 328 473 ἐπὶ
350 408 562 491 παραλλήλου
585 403 741 470 ἐπιπέδου
764 417 869 470 κεῖται
891 407 929 471 τὸ
952 406 1056 490 ὄμμα,
1081 401 1152 470 κατ’

146 515 280 590 εὐθείας
307 510 344 577 δὲ
366 513 516 598 μραμμδις
538 511 697 599 φέρονται
725 514 763 577 αἱ
783 515 884 591 ὄψεις.
929 514 961 578 εί
980 512 1042 597 γὰρ
1066 511 1155 588 ἐκτὸς

145 629 324 686 πεσοῦνται
347 631 414 684 τῶν
431 622 507 703 ΛΓ,
527 623 559 683 Α
565 623 603 702 Ζ,
625 621 873 702 κλασθύσονται
895 619 933 683 αί
948 620 1054 698 ὄψεις·
1078 618 1153 704 ὅπερ

111 729 279 791 σύτοπον.
316 728 463 790 ἔστωσαν
486 721 548 792 οὐν
571 727 608 790 αί
626 730 701 808 ΕΘ,
720 729 799 790 ΕΗ.
835 723 904 790 ἐπεὶ
922 720 985 792 οὐν
1004 723 1058 790 ἐπὶ
1075 746 1155 814 παρ-

145 834 291 915 αλλήλου
314 829 375 916 μὲν
398 831 554 897 ἐπιπέδου
577 830 648 897 κατ’
669 832 804 908 εὐθείας
824 833 976 918 γραμμὰς
998 829 1154 918 φέρονται

146 940 184 1003 αιρ
204 940 310 1022 ὄψεις,
338 940 378 1003 τὰ
404 936 441 1003 δὲ
467 939 532 1004 ὑπὸ
561 945 644 1004 ίσων
671 950 803 1022 γωνιῶν
825 939 975 1026 δρώμενα
1003 945 1060 1004 ίσα
1083 943 1154 1025 φαί-

146 1068 247 1128 νεται,
270 1045 344 1110 ὄσαι
368 1042 399 1108 δ’
420 1044 463 1109 ἂν
486 1047 578 1122 ὄψεις
600 1043 653 1109 ἐπὶ
675 1053 734 1129 τῆς
755 1050 856 1110 ΑΕΔ
878 1045 1012 1123 εὐθείας
1032 1053 1153 1113 τεθῶσι

145 1150 364 1236 παράλληλοι,
389 1157 461 1228 ίσας
484 1154 606 1234 γωνίας
627 1150 830 1238 περιέχουσι,
853 1152 890 1216 τὸ
914 1158 989 1217 ίσον
1010 1154 1076 1239 ἄρα
1097 1162 1153 1219 τοῦ

93 1272 127 1321 10
144 1255 255 1322 κώνου
277 1258 462 1343 ὀφθήσεται
486 1257 590 1342 [είπερ
615 1263 688 1322 ίσον
711 1258 848 1344 ὁρῶσιν·
871 1260 1013 1323 ἔλασσον
1036 1256 1075 1325 δέ
1097 1268 1152 1326 τοῦ

146 1362 256 1428 κώνου
288 1364 424 1451 δρῶσιν·
458 1365 540 1429 ὥστε
571 1362 627 1428 καὶ
653 1365 691 1429 τὸ
719 1366 855 1428 ἔλαττον
882 1363 1070 1449 ὀφθήσεται
1096 1374 1151 1431 τοῦ

145 1468 280 1555 κώνου].

618 1594 680 1678 λγ’.

212 1720 323 1785 Πύλιυ
350 1718 390 1784 δέ
415 1743 451 1802 γε
480 1729 540 1784 τοῦ
568 1721 712 1804 ὄμματος
738 1718 974 1804 μετατεθέντος
1002 1719 1066 1787 ἀπὸ
1095 1728 1151 1785 τοῦ

93 1840 126 1890 15
144 1836 302 1892 ταπεινοῦ
328 1825 493 1912 μετεώρου
521 1822 582 1910 μὲν
609 1835 669 1890 τοῦ
697 1829 841 1911 ὄμματος
867 1826 1023 1904 τεθέντος
1047 1831 1151 1913 μεῖζον

145 1932 205 2019 μὲν
228 1937 318 1999 ἔσται
341 1942 401 1997 τοῦ
424 1934 534 1997 κώνου
562 1934 599 1998 τὸ
622 1932 806 2018 δρώμενον,
833 1931 921 2012 δόξει
948 1931 985 1998 δὲ
1013 1937 1150 2000 ἔλασσον

145 2043 341 2124 φαίνεσθαι,
368 2037 600 2124 ταπεινοτέρου
624 2036 661 2104 δὲ
684 2043 825 2105 ἔλασσον
846 2038 907 2124 μὲν
930 2042 1037 2124 ἔσται,
1067 2038 1149 2119 δόξει

145 2142 182 2210 δὲ
203 2149 314 2230 μεῖζον
337 2149 527 2229 φαίνεσθαι.

211 2255 292 2317 ἔστω
316 2264 436 2336 κῶνος,
465 2248 506 2318 οὗ
528 2252 624 2335 βύσις
646 2250 707 2338 μὲν
729 2253 746 2318 ὁ
770 2257 839 2318 ΒΓ
860 2255 995 2338 κύκλος,
1022 2255 1149 2342 κορυφὴ

91 2371 126 2422 λθ
145 2355 182 2423 δὲ
205 2360 241 2424 τὸ
265 2366 298 2425 Α
321 2371 471 2444 σημεῖον,
493 2358 549 2424 καὶ
572 2362 719 2425 ἔστωσαν
741 2362 779 2424 αί
798 2359 939 2446 πλευραὶ
960 2369 1021 2426 τοῦ
1045 2360 1150 2427 κώνου

144 2468 182 2530 αί
201 2471 279 2551 BA,
297 2470 367 2533 ΑΓ.
414 2467 597 2549 ἐπεζεύχθω
625 2466 645 2549 ἡ
669 2470 745 2550 ΒΓ,
773 2465 828 2532 καὶ
854 2470 1150 2552 προσεκβεβλήσθω

143 2582 183 2658 τῇ
201 2578 270 2638 ΒΓ
286 2573 307 2657 ἡ
326 2578 405 2658 ΒΗ,
427 2571 482 2638 καὶ
505 2574 599 2657 ἤχθω
623 2574 680 2638 διδι
702 2583 762 2638 τοῦ
784 2576 943 2657 τυχόντος
964 2582 1025 2639 τοῦ
1048 2579 1077 2640 Θ
1098 2591 1150 2657 ση-

143 2683 238 2765 μείου
265 2691 305 2766 τῇ
327 2684 394 2761 ΑΒ
421 2681 630 2766 παράλληλος
656 2679 676 2763 ἡ
707 2684 780 2745 ΘΚ.
836 2678 935 2764 λέγω,
967 2680 1017 2745 ὄτι
1045 2684 1151 2766 μεῖξον

143 2783 204 2872 μέν
227 2790 332 2868 ἔσται,
360 2788 501 2851 ἔλασσον
524 2783 561 2851 δὲ
584 2786 769 2870 ὀφθήσεται
792 2795 853 2851 τοῦ
875 2785 986 2852 κώνου
1009 2789 1048 2854 τὸ
1072 2785 1150 2874 ὁρώ-
1192 2870 1194 2875 Ι

91 2903 125 2952 25
144 2917 245 2977 μενον
267 2901 326 2957 τοῦ
351 2894 494 2976 ὄμματος
517 2892 672 2969 τεθέντος
696 2891 748 2957 ἐπὶ
770 2902 831 2958 τοῦ
856 2898 885 2958 Θ
912 2898 1051 2979 σημείου
1073 2896 1149 2980 ἥπερ

213 3125 237 3175 3.
267 3116 419 3190 φαίρονται
445 3137 470 3175 v,
562 3119 651 3192 ἐκτός]
681 3142 697 3176 ν
725 3138 809 3191 supra
837 3137 887 3176 scr.
912 3139 948 3175 m.
973 3127 989 3175 2
1012 3122 1048 3191 V,
1077 3120 1150 3184 ἐντός

142 3190 291 3246 BVat.¹m.
364 3197 388 3245 4.
408 3195 468 3259 ΑΓ,
483 3192 546 3263 AZ]
565 3208 634 3247 corr.
654 3209 688 3246 ex
706 3197 787 3246 ΑΓΖ
804 3210 840 3247 m.
856 3198 872 3246 λ
886 3192 920 3262 V,
944 3194 1013 3248 mut.
1029 3193 1061 3248 in
1073 3195 1150 3249 ΑΓΖ

142 3278 178 3316 m.
198 3267 214 3314 2
233 3261 311 3330 Vat.‚
334 3267 394 3330 ΑΓ,
416 3267 464 3317 ZA
482 3262 570 3318 Vat.1.
643 3263 867 3333 κλαισθήσονται·
882 3282 908 3319 v.
986 3269 1011 3319 8.
1030 3265 1100 3320 Post
1116 3262 1150 3319 ύτ

143 3365 196 3420 del.
217 3365 247 3420 αλ
264 3384 300 3421 m.
355 3369 414 3440 τῆς]
433 3377 484 3423 τοῦ
501 3369 576 3438 vat,
595 3369 646 3438 τήν
665 3388 691 3426 v.
752 3376 776 3426 9.
794 3335 885 3439 περιέ
899 3371 974 3440 Vat,
992 3368 1115 3443 περιέχει
1126 3387 1149 3425 v.

179 3442 220 3490 10.
247 3435 323 3506 εἴπερ
359 3441 427 3494 mut.
447 3439 477 3493 in
501 3438 569 3509 ὅπερ
592 3459 627 3495 m.
648 3448 663 3495 2
688 3442 762 3511 vat,
791 3440 859 3510 ὅπερ
881 3443 948 3497 Vm.
1043 3441 1150 3498 ἔλαττον

142 3506 238 3562 Vats.
303 3510 346 3580 δ]
365 3509 421 3578 ἄρα
439 3528 464 3565 v.
538 3518 580 3567 13.
599 3512 655 3584 λχ’]
675 3514 715 3578 λζ’
730 3514 764 3582 V,
783 3513 824 3567 λε’
840 3514 936 3569 Vat.v.
1010 3519 1054 3571 14.
1073 3533 1150 3584 μετα-
