2424 3944
121 175 141 240 8
468 173 638 227 EUOLIDIS
657 174 794 226 0ch.

122 329 180 404 της
198 318 263 384 ὑπὸ
279 322 376 384 ΓΕΒ
394 320 517 401 γωνίας
535 319 654 403 μείζων
673 316 772 383 ἐστίν.
807 319 926 401 μείζων
945 318 1009 402 ἀρα
1027 317 1139 400 ὀφθή-

123 444 215 493 σεται
244 427 353 511 ἡΑΒ
381 434 439 508 τῆς
462 428 533 489 ΒΓ.
579 424 680 490 πάλιν
707 424 829 509 ὁμοίως
855 422 918 488 κάν
942 424 998 487 ὃιά
1025 432 1087 487 τοῦ
1112 426 1146 487 Γ

124 535 261 619 σημείου
284 541 324 617 τῇ
347 537 416 596 AE
441 531 651 617 παράλληλος
674 530 778 616 ἀχθῇ,
805 533 923 616 μείζων
951 529 1140 613 ὀφθήσεται

123 641 231 725 ἡΒΓ
248 647 306 721 τῆς
329 641 400 703 ΓΔ.

87 744 104 792 5
612 725 650 792 ε’.

197 835 244 898 Τά
268 840 323 899 ίσα
345 832 469 918 μεγέθη
494 835 612 899 ἀνισον
635 835 828 917 διεστηκότα
851 835 950 898 ἀνισα
974 834 1142 917 φαίνεται,

123 938 179 1006 καί
202 944 313 1026 μεῖζον
335 937 386 1005 ἀεὶ
408 942 445 1005 τὸ
470 943 582 1023 ἔγγιον
604 943 756 1024 κείμενον
780 949 840 1005 τοῦ
864 942 1016 1024 ὄμματος.

192 1051 273 1113 ἔστω
298 1047 360 1112 δύο
384 1053 439 1113 ίσα
457 1045 581 1132 μεγέθη
600 1047 640 1112 τά
654 1053 686 1112 Α
692 1052 731 1131 Β,
746 1051 817 1131 ΓΔ,

124 1157 213 1240 ὄμμα
241 1151 279 1219 ὃέ
305 1157 386 1219 ἔστω
415 1155 452 1218 τὸ
475 1159 519 1238 Ε,
547 1152 606 1239 ἀφ’
632 1150 673 1220 οὗ
700 1156 818 1220 ἀνισον
864 1149 898 1207 1y

73 1276 107 1326 10
126 1260 335 1345 ὃιεστηκέτω,
364 1258 419 1326 καὶ
442 1264 523 1326 ἔστω
548 1264 660 1344 ἔγγιον
682 1263 719 1327 τὸ
742 1267 775 1326 Α
781 1266 818 1326 Β.
862 1317 901 1378 A

126 1367 226 1452 λέγω,
256 1368 306 1433 ὅτι
333 1371 443 1452 μεῖζον
470 1371 652 1452 φανήσεται
679 1369 716 1433 τὸ
743 1372 818 1433 ΑΒ.

125 1473 419 1562 προσπιπτέτωσαν
446 1473 574 1552 ἀκτῖνες
597 1477 634 1540 αί
654 1480 731 1559 ΑΕ,
745 1480 820 1559 ΕΒ,

126 1585 200 1666 ΕΓ,
218 1587 295 1647 EA.
336 1578 405 1646 ἐπεὶ
425 1577 488 1647 οὖν
511 1583 551 1646 τά
573 1582 638 1647 ὑπὸ
661 1585 820 1667 μειζόνων

127 1699 260 1772 γωνιῶν
300 1688 452 1775 ὁρώμενα
489 1692 621 1773 μείζονα
657 1692 821 1774 φαίνεται,

76 1810 108 1859 16
127 1799 245 1881 μείζων
277 1792 314 1859 δὲ
345 1799 450 1878 γωνία
481 1795 501 1878 ἡ
533 1795 599 1861 ὑπὸ
631 1800 731 1860 ΑΕΒ
764 1806 822 1880 τῆς

128 1902 193 1967 ὑπὸ
218 1904 329 1985 ΓΕΔ,
351 1905 469 1985 μείζων
488 1904 552 1988 ἀρα
571 1904 752 1987 φανήσεται
775 1900 830 1967 καὶ
853 1901 872 1984 η
897 1906 963 1967 ΑΒ
985 1909 1043 1984 τῆς
1067 1903 1144 1964 ΓΔ.

903 1998 925 2050 0

615 2079 657 2148 ς’.

202 2185 249 2249 Τά
275 2185 469 2271 παράλληλα
500 2196 568 2250 τῶν
595 2187 826 2272 διαστημάτων
855 2184 887 2264 ἔξ
915 2185 1148 2270 ἀποστήματος

131 2291 282 2378 ὁρώμενα
305 2290 507 2376 ἀνισοπλατῆ
531 2296 693 2377 φαίνεται.

78 2421 112 2471 20
197 2402 280 2464 ἔστω
304 2398 366 2463 δύο
389 2399 582 2485 παράλληλα
604 2398 728 2484 μεγέθη
747 2401 787 2464 τά
806 2404 882 2483 ΑΒ,
902 2402 973 2482 ΓΛ,
997 2401 1085 2484 ὄμμα
1106 2346 1148 2463 (Η

131 2508 214 2572 ἔστω
237 2505 274 2571 τὸ
297 2510 336 2570 Ε.
383 2504 482 2591 λέγω,
509 2506 560 2573 ὅτι
585 2508 626 2571 τά
648 2512 731 2591 ΑΒ,
751 2510 813 2572 ΓΔ
840 2506 1042 2589 ἀνισοπλατη
1066 2509 1146 2590 φαί-

131 2636 237 2696 νεται,
263 2610 319 2676 καὶ
341 2616 451 2697 μεῖζον
475 2612 585 2679 ἀεὶτὸ
609 2617 722 2696 ἔγγιον
744 2614 907 2698 ὃιάστημα
930 2620 990 2676 τοῦ
1013 2613 1147 2697 πορρώ-

131 2743 238 2806 τερον.
274 2717 567 2805 προσπιπτέτωσαν
591 2719 719 2798 ἀκτῖνες
740 2722 777 2785 αί
792 2724 865 2803 ΕΒ,
884 2723 957 2804 ΕΖ,
975 2723 1050 2801 ΕΘ,
1069 2723 1148 2801 ΕΛ,

132 2831 212 2911 ΕΗ,
230 2828 308 2910 ΕΚ,
330 2823 386 2890 καὶ
410 2825 658 2909 ἐπεζεύχθωσαν
677 2827 806 2892 εὐθεῖαι
825 2827 862 2890 αί
878 2829 950 2908 ΒΛ,
970 2829 1048 2906 ΖΗ,
1070 2828 1148 2889 ΘΚ.

77 2956 113 3006 25
133 2931 203 2999 ἐπεὶ
231 2929 293 2999 οὖν
320 2935 439 3018 μείζων
467 2931 558 2998 έστίν
589 2934 609 3018 ἡ
636 2934 701 2999 ὑπὸ
729 2938 828 2998 ΒΕΔ
853 2935 959 3015 γωνία
990 2940 1047 3014 τῆς
1079 2930 1149 2997 ὑπὸ

135 3044 242 3105 ΖΕΗ
255 3043 388 3124 γωνίας,
411 3043 529 3125 μείζων
551 3042 615 3126 ἀρα
633 3039 688 3105 καί
707 3040 727 3124 ἡ
743 3045 805 3104 BA
823 3049 880 3123 της
895 3043 967 3103 ΖΗ
982 3040 1150 3123 φαίνεται.

205 3186 229 3234 1.
249 3181 343 3252 ΓΕΒ]
364 3183 450 3233 ΒΕΓ
464 3179 590 3248 Nam,
617 3183 698 3234 ΕΓΒ
716 3179 836 3234 Vat.¹m.
909 3183 933 3231 2.
953 3176 1021 3248 κάν]
1041 3175 1091 3231 καί
1109 3197 1149 3233 m.

169 3257 194 3305 3.
216 3252 306 3377 dcxv]
324 3251 355 3303 in
373 3268 427 3306 ras.
446 3250 480 3306 V.
571 3256 595 3305 6.
620 3249 732 3323 ἀνισον]
751 3267 819 3304 corr.
839 3265 873 3302 ex
891 3246 997 3303 ἀνίσων
1015 3267 1041 3303 v,
1124 3255 1149 3305 7.

135 3322 243 3393 ἔγγειον
288 3339 383 3391 ‚corn
403 3342 438 3377 m.
460 3328 483 3391 1,
502 3324 535 3377 ut
552 3320 601 3376 lin.
622 3327 663 3377 10.
728 3321 829 3391 ἀματος
847 3338 873 3376 v.
944 3326 984 3374 12.
1004 3321 1074 3391 ΑΕ]
1095 3324 1152 3375 ΕΑ

133 3394 257 3448 BVab.v.
358 3399 400 3450 15.
428 3395 525 3466 ΑΕΒ]
552 3403 608 3448 τῶν
631 3397 711 3448 ΑΕΒ
739 3393 856 3448 Evam
879 3394 908 3445 εί
929 3391 967 3461 V,
997 3391 1046 3445 sed
1076 3408 1149 3447 corr.

170 3471 211 3519 16.
232 3463 300 3535 ἀρα]
325 3481 377 3519 om.
397 3484 432 3520 m.
515 3471 557 3519 22.
583 3464 690 3536 ἔγγειον
708 3464 742 3534 V,
767 3464 822 3518 sed.
843 3479 911 3517 corr.
996 3469 1037 3518 23.
1062 3482 1152 3531 προσ-

133 3533 254 3591 πιπτέτω
273 3535 326 3590 Bv.
382 3537 445 3608 EA]
465 3541 523 3592 ΕΚ
539 3538 593 3592 Bv.
651 3542 693 3592 24.
714 3536 784 3607 ΕΚ]
804 3539 856 3590 ΕΔ
873 3535 927 3588 Bv.
983 3539 1025 3589 25.
1045 3532 1103 3589 ἔστί
1123 3554 1151 3590 v.
