<?xml version="1.0" encoding="UTF-8"?>
<!DOCTYPE html PUBLIC "-//W3C//DTD XHTML 1.0 Transitional//EN"
    "http://www.w3.org/TR/xhtml1/DTD/xhtml1-transitional.dtd">
<html xmlns="http://www.w3.org/1999/xhtml" xml:lang="en" lang="en">
 <head>
  <title>
</title>
<meta http-equiv="Content-Type" content="text/html;charset=utf-8" />
  <meta name='ocr-system' content='tesseract 3.04.00' />
  <meta name='ocr-capabilities' content='ocr_page ocr_carea ocr_par ocr_line ocrx_word'/>
</head>
<body>
  <div class='ocr_page' id='page_1' title='image "./euclidisoperaom01unkngoog_0091.png"; bbox 0 0 2424 3944; ppageno 0'>
   <div class='ocr_carea' id='block_1_1' title="bbox 145 175 814 240">
    <p class='ocr_par' dir='ltr' id='par_1_1' title="bbox 145 175 814 240">
     <span class='ocr_line' id='line_1_1' title="bbox 145 175 814 240; baseline -0.001 -10"><span class='ocrx_word' id='word_1_1' title='bbox 145 175 189 240; x_wconf 82' lang='grc'><em>28</em></span> <span class='ocrx_word' id='word_1_2' title='bbox 487 178 657 229; x_wconf 78' lang='lat' dir='ltr'><strong>EUOLIDIS</strong></span> <span class='ocrx_word' id='word_1_3' title='bbox 676 178 814 230; x_wconf 79' lang='lat' dir='ltr'><strong>OPTIOA.</strong></span> 
     </span>
    </p>
   </div>
   <div class='ocr_carea' id='block_1_2' title="bbox 92 317 1165 1792">
    <p class='ocr_par' dir='ltr' id='par_1_2' title="bbox 145 317 1161 600">
     <span class='ocr_line' id='line_1_2' title="bbox 145 317 1161 409; baseline -0.005 -22"><span class='ocrx_word' id='word_1_4' title='bbox 145 321 166 405; x_wconf 79' lang='grc' dir='ltr'><em>ἡ</em></span> <span class='ocrx_word' id='word_1_5' title='bbox 190 326 252 386; x_wconf 90' lang='grc' dir='ltr'><em>ΓΑ</em></span> <span class='ocrx_word' id='word_1_6' title='bbox 274 322 510 407; x_wconf 71' lang='grc' dir='ltr'><em>συμβάλλουσα</em></span> <span class='ocrx_word' id='word_1_7' title='bbox 532 331 577 409; x_wconf 74' lang='grc' dir='ltr'><em>τῷ</em></span> <span class='ocrx_word' id='word_1_8' title='bbox 600 319 717 406; x_wconf 80' lang='grc' dir='ltr'><em>πέρατι</em></span> <span class='ocrx_word' id='word_1_9' title='bbox 741 327 800 384; x_wconf 85' lang='grc' dir='ltr'><em>τοῦ</em></span> <span class='ocrx_word' id='word_1_10' title='bbox 824 324 890 384; x_wconf 88' lang='grc' dir='ltr'><em>ΑΒ</em></span> <span class='ocrx_word' id='word_1_11' title='bbox 918 317 1083 403; x_wconf 80' lang='grc' dir='ltr'><em>μεγέθους</em></span> <span class='ocrx_word' id='word_1_12' title='bbox 1105 317 1161 383; x_wconf 82' lang='grc' dir='ltr'><em>καὶ</em></span> 
     </span>
     <span class='ocr_line' id='line_1_3' title="bbox 146 404 1159 513; baseline -0.004 -21"><span class='ocrx_word' id='word_1_13' title='bbox 146 429 275 512; x_wconf 78' lang='grc' dir='ltr'><em>διήχθω</em></span> <span class='ocrx_word' id='word_1_14' title='bbox 304 426 397 513; x_wconf 80' lang='grc' dir='ltr'><em>μέχρι</em></span> <span class='ocrx_word' id='word_1_15' title='bbox 425 437 485 493; x_wconf 88' lang='grc' dir='ltr'><em>τοῦ</em></span> <span class='ocrx_word' id='word_1_16' title='bbox 509 404 542 493; x_wconf 80' lang='grc' dir='ltr'><em>Δ</em></span> <span class='ocrx_word' id='word_1_17' title='bbox 565 430 717 512; x_wconf 81' lang='grc' dir='ltr'><em>ὄμματος.</em></span> <span class='ocrx_word' id='word_1_18' title='bbox 768 429 850 491; x_wconf 83' lang='grc' dir='ltr'><em>ἔστω</em></span> <span class='ocrx_word' id='word_1_19' title='bbox 879 423 917 490; x_wconf 73' lang='grc' dir='ltr'><em>δὲ</em></span> <span class='ocrx_word' id='word_1_20' title='bbox 945 425 1021 490; x_wconf 81' lang='grc' dir='ltr'><em>σκιολ</em></span> <span class='ocrx_word' id='word_1_21' title='bbox 1048 425 1069 508; x_wconf 74' lang='grc' dir='ltr'><em>ἡ</em></span> <span class='ocrx_word' id='word_1_22' title='bbox 1093 430 1159 489; x_wconf 88' lang='grc' dir='ltr'><em>ΔΒ</em></span> 
     </span>
     <span class='ocr_line' id='line_1_4' title="bbox 146 532 596 600; baseline 0.002 -2"><span class='ocrx_word' id='word_1_23' title='bbox 146 544 205 598; x_wconf 83' lang='grc' dir='ltr'><em>τοῦ</em></span> <span class='ocrx_word' id='word_1_24' title='bbox 242 541 275 599; x_wconf 90' lang='grc' dir='ltr'><em>Α</em></span> <span class='ocrx_word' id='word_1_25' title='bbox 282 538 321 598; x_wconf 92' lang='grc' dir='ltr'><em>Β.</em></span> <span class='ocrx_word' id='word_1_26' title='bbox 380 532 435 599; x_wconf 80' lang='grc' dir='ltr'><em>καλ</em></span> <span class='ocrx_word' id='word_1_27' title='bbox 472 538 596 600; x_wconf 91' lang='grc' dir='ltr'><em>κείσθω</em></span> 
     </span>
    </p>

    <p class='ocr_par' dir='ltr' id='par_1_3' title="bbox 146 600 682 726">
     <span class='ocr_line' id='line_1_5' title="bbox 146 600 682 726; baseline 0 -21"><span class='ocrx_word' id='word_1_28' title='bbox 146 640 259 726; x_wconf 78' lang='grc' dir='ltr'><em>ἕτερόν</em></span> <span class='ocrx_word' id='word_1_29' title='bbox 273 664 304 705; x_wconf 93' lang='grc' dir='ltr'><em>τι</em></span> <span class='ocrx_word' id='word_1_30' title='bbox 327 639 468 725; x_wconf 77' lang='grc' dir='ltr'><em>με’γεθος</em></span> <span class='ocrx_word' id='word_1_31' title='bbox 482 643 519 705; x_wconf 90' lang='grc' dir='ltr'><em>τὸ</em></span> <span class='ocrx_word' id='word_1_32' title='bbox 534 646 597 705; x_wconf 88' lang='grc' dir='ltr'><em>ΕΖ</em></span> <span class='ocrx_word' id='word_1_33' title='bbox 643 600 682 661; x_wconf 67' lang='grc' dir='ltr'><em>Γ</em></span> 
     </span>
    </p>

    <p class='ocr_par' dir='ltr' id='par_1_4' title="bbox 110 746 598 831">
     <span class='ocr_line' id='line_1_6' title="bbox 110 746 598 831; baseline -0.002 -19"><span class='ocrx_word' id='word_1_34' title='bbox 110 746 337 830; x_wconf 74' lang='grc' dir='ltr'><em>ὀσυμβολλλον</em></span> <span class='ocrx_word' id='word_1_35' title='bbox 360 756 399 831; x_wconf 72' lang='grc' dir='ltr'><em>τῇ</em></span> <span class='ocrx_word' id='word_1_36' title='bbox 424 746 531 812; x_wconf 79' lang='grc' dir='ltr'><em>ἀκτῖνι</em></span> <span class='ocrx_word' id='word_1_37' title='bbox 554 748 598 831; x_wconf 82' lang='grc' dir='ltr'><em>μὴ</em></span> 
     </span>
    </p>

    <p class='ocr_par' dir='ltr' id='par_1_5' title="bbox 115 839 600 1259">
     <span class='ocr_line' id='line_1_7' title="bbox 115 839 600 938; baseline 0.002 -21"><span class='ocrx_word' id='word_1_38' title='bbox 115 839 275 928; x_wconf 45' lang='grc' dir='ltr'><em>’παντως</em></span> <span class='ocrx_word' id='word_1_39' title='bbox 314 856 600 938; x_wconf 80' lang='grc' dir='ltr'><em>καταυγαζόμενον</em></span> 
     </span>
     <span class='ocr_line' id='line_1_8' title="bbox 144 958 599 1043; baseline -0.002 -19"><span class='ocrx_word' id='word_1_40' title='bbox 144 958 202 1024; x_wconf 82' lang='grc' dir='ltr'><em>ὑπ’</em></span> <span class='ocrx_word' id='word_1_41' title='bbox 219 959 320 1043; x_wconf 78' lang='grc' dir='ltr'><em>αὐτῆς</em></span> <span class='ocrx_word' id='word_1_42' title='bbox 338 961 421 1024; x_wconf 79' lang='grc' dir='ltr'><em>κατὰ</em></span> <span class='ocrx_word' id='word_1_43' title='bbox 440 962 476 1025; x_wconf 89' lang='grc' dir='ltr'><em>τὸ</em></span> <span class='ocrx_word' id='word_1_44' title='bbox 497 965 524 1024; x_wconf 92' lang='grc' dir='ltr'>Ζ</span> <span class='ocrx_word' id='word_1_45' title='bbox 544 959 599 1024; x_wconf 80' lang='grc' dir='ltr'><em>πέ-</em></span> 
     </span>
     <span class='ocr_line' id='line_1_9' title="bbox 146 1062 600 1153; baseline -0.002 -22"><span class='ocrx_word' id='word_1_46' title='bbox 146 1091 214 1152; x_wconf 81' lang='grc' dir='ltr'><em>ρας.</em></span> <span class='ocrx_word' id='word_1_47' title='bbox 269 1068 430 1153; x_wconf 74' lang='grc' dir='ltr'><em>ἥρμοσται</em></span> <span class='ocrx_word' id='word_1_48' title='bbox 463 1062 526 1131; x_wconf 84' lang='grc' dir='ltr'><em>οὖν</em></span> <span class='ocrx_word' id='word_1_49' title='bbox 553 1069 600 1142; x_wconf 84' lang='grc' dir='ltr'><em>είς</em></span> 
     </span>
     <span class='ocr_line' id='line_1_10' title="bbox 144 1172 600 1259; baseline 0.002 -23"><span class='ocrx_word' id='word_1_50' title='bbox 144 1174 181 1237; x_wconf 90' lang='grc' dir='ltr'><em>τὸ</em></span> <span class='ocrx_word' id='word_1_51' title='bbox 210 1177 311 1237; x_wconf 85' lang='grc' dir='ltr'><em>ΑΒΔ</em></span> <span class='ocrx_word' id='word_1_52' title='bbox 341 1176 506 1259; x_wconf 92' lang='grc' dir='ltr'><em>τρίγωνον</em></span> <span class='ocrx_word' id='word_1_53' title='bbox 534 1172 600 1237; x_wconf 77' lang='grc' dir='ltr'><em>ἕτε-</em></span> 
     </span>
    </p>

    <p class='ocr_par' dir='ltr' id='par_1_6' title="bbox 92 1278 1165 1792">
     <span class='ocr_line' id='line_1_11' title="bbox 92 1278 1165 1365; baseline -0.002 -22"><span class='ocrx_word' id='word_1_54' title='bbox 92 1287 126 1336; x_wconf 88' lang='grc'><em>10</em></span> <span class='ocrx_word' id='word_1_55' title='bbox 145 1281 207 1364; x_wconf 90' lang='grc' dir='ltr'><em>ρόν</em></span> <span class='ocrx_word' id='word_1_56' title='bbox 240 1302 271 1343; x_wconf 95' lang='grc' dir='ltr'><em>τι</em></span> <span class='ocrx_word' id='word_1_57' title='bbox 303 1282 468 1365; x_wconf 90' lang='grc' dir='ltr'><em>τρίγωνον</em></span> <span class='ocrx_word' id='word_1_58' title='bbox 499 1280 536 1343; x_wconf 92' lang='grc' dir='ltr'><em>τὸ</em></span> <span class='ocrx_word' id='word_1_59' title='bbox 565 1283 676 1344; x_wconf 86' lang='grc' dir='ltr'><em>ΕΖΔ.</em></span> <span class='ocrx_word' id='word_1_60' title='bbox 731 1281 821 1343; x_wconf 84' lang='grc' dir='ltr'><em>ἔστιν</em></span> <span class='ocrx_word' id='word_1_61' title='bbox 853 1280 934 1364; x_wconf 73' lang='grc' dir='ltr'><em>ἄρα,</em></span> <span class='ocrx_word' id='word_1_62' title='bbox 968 1278 1013 1354; x_wconf 83' lang='grc' dir='ltr'><em>ὡς</em></span> <span class='ocrx_word' id='word_1_63' title='bbox 1044 1278 1066 1363; x_wconf 78' lang='grc' dir='ltr'><em>ἡ</em></span> <span class='ocrx_word' id='word_1_64' title='bbox 1092 1283 1165 1342; x_wconf 89' lang='grc' dir='ltr'><em>ΔΕ</em></span> 
     </span>
     <span class='ocr_line' id='line_1_12' title="bbox 144 1381 1160 1470; baseline 0 -21"><span class='ocrx_word' id='word_1_65' title='bbox 144 1385 228 1469; x_wconf 83' lang='grc' dir='ltr'><em>πρὸς</em></span> <span class='ocrx_word' id='word_1_66' title='bbox 259 1387 320 1468; x_wconf 78' lang='grc' dir='ltr'><em>τὴν</em></span> <span class='ocrx_word' id='word_1_67' title='bbox 353 1390 431 1467; x_wconf 84' lang='grc' dir='ltr'><em>ΖΕ,</em></span> <span class='ocrx_word' id='word_1_68' title='bbox 463 1385 569 1462; x_wconf 81' lang='grc' dir='ltr'><em>οὕτως</em></span> <span class='ocrx_word' id='word_1_69' title='bbox 600 1386 621 1470; x_wconf 77' lang='grc' dir='ltr'>ἡ</span> <span class='ocrx_word' id='word_1_70' title='bbox 654 1390 720 1450; x_wconf 88' lang='grc' dir='ltr'><em>ΔΒ</em></span> <span class='ocrx_word' id='word_1_71' title='bbox 752 1387 836 1468; x_wconf 78' lang='grc' dir='ltr'><em>πρὸς</em></span> <span class='ocrx_word' id='word_1_72' title='bbox 867 1386 929 1469; x_wconf 75' lang='grc' dir='ltr'><em>τὴν</em></span> <span class='ocrx_word' id='word_1_73' title='bbox 958 1388 1030 1448; x_wconf 90' lang='lat' dir='ltr'><em>BA.</em></span> <span class='ocrx_word' id='word_1_74' title='bbox 1086 1381 1160 1449; x_wconf 83' lang='grc' dir='ltr'><em>ἀλλ’</em></span> 
     </span>
     <span class='ocr_line' id='line_1_13' title="bbox 145 1488 1163 1577; baseline -0.003 -20"><span class='ocrx_word' id='word_1_75' title='bbox 145 1492 163 1557; x_wconf 83' lang='grc' dir='ltr'>ὁ</span> <span class='ocrx_word' id='word_1_76' title='bbox 190 1502 248 1576; x_wconf 78' lang='grc' dir='ltr'><em>τῆς</em></span> <span class='ocrx_word' id='word_1_77' title='bbox 271 1496 341 1556; x_wconf 91' lang='grc' dir='ltr'><em>ΔΕ</em></span> <span class='ocrx_word' id='word_1_78' title='bbox 366 1493 448 1577; x_wconf 78' lang='grc' dir='ltr'><em>πρὸς</em></span> <span class='ocrx_word' id='word_1_79' title='bbox 475 1495 537 1576; x_wconf 81' lang='grc' dir='ltr'><em>τὴν</em></span> <span class='ocrx_word' id='word_1_80' title='bbox 563 1498 627 1557; x_wconf 91' lang='grc' dir='ltr'><em>ΕΖ</em></span> <span class='ocrx_word' id='word_1_81' title='bbox 655 1494 753 1574; x_wconf 81' lang='grc' dir='ltr'><em>λόγος</em></span> <span class='ocrx_word' id='word_1_82' title='bbox 785 1490 854 1556; x_wconf 82' lang='grc' dir='ltr'><em>ἐστὶ</em></span> <span class='ocrx_word' id='word_1_83' title='bbox 886 1491 1069 1575; x_wconf 83' lang='grc' dir='ltr'><em>γνώριμος·</em></span> <span class='ocrx_word' id='word_1_84' title='bbox 1106 1488 1163 1554; x_wconf 81' lang='grc' dir='ltr'><em>καὶ</em></span> 
     </span>
     <span class='ocr_line' id='line_1_14' title="bbox 145 1595 1163 1684; baseline -0.004 -20"><span class='ocrx_word' id='word_1_85' title='bbox 145 1599 163 1664; x_wconf 83' lang='grc' dir='ltr'>ὁ</span> <span class='ocrx_word' id='word_1_86' title='bbox 191 1608 249 1683; x_wconf 77' lang='grc' dir='ltr'><em>τῆς</em></span> <span class='ocrx_word' id='word_1_87' title='bbox 275 1604 342 1664; x_wconf 91' lang='grc' dir='ltr'><em>ΔΒ</em></span> <span class='ocrx_word' id='word_1_88' title='bbox 374 1601 438 1684; x_wconf 81' lang='grc' dir='ltr'><em>ίίρα</em></span> <span class='ocrx_word' id='word_1_89' title='bbox 465 1600 549 1684; x_wconf 78' lang='grc' dir='ltr'><em>πρὸς</em></span> <span class='ocrx_word' id='word_1_90' title='bbox 575 1601 637 1683; x_wconf 82' lang='grc' dir='ltr'><em>τὴν</em></span> <span class='ocrx_word' id='word_1_91' title='bbox 663 1603 730 1662; x_wconf 91' lang='lat' dir='ltr'><em>BA</em></span> <span class='ocrx_word' id='word_1_92' title='bbox 762 1601 860 1680; x_wconf 80' lang='grc' dir='ltr'><em>λόγος</em></span> <span class='ocrx_word' id='word_1_93' title='bbox 888 1595 957 1662; x_wconf 81' lang='grc' dir='ltr'><em>ἐστὶ</em></span> <span class='ocrx_word' id='word_1_94' title='bbox 984 1597 1163 1681; x_wconf 82' lang='grc' dir='ltr'><em>γνώριμος.</em></span> 
     </span>
     <span class='ocr_line' id='line_1_15' title="bbox 146 1702 1080 1792; baseline -0.004 -21"><span class='ocrx_word' id='word_1_95' title='bbox 146 1707 315 1792; x_wconf 80' lang='grc' dir='ltr'><em>γνώριμον</em></span> <span class='ocrx_word' id='word_1_96' title='bbox 339 1703 375 1771; x_wconf 73' lang='grc' dir='ltr'><em>δὲ</em></span> <span class='ocrx_word' id='word_1_97' title='bbox 399 1707 436 1770; x_wconf 90' lang='grc' dir='ltr'><em>τὸ</em></span> <span class='ocrx_word' id='word_1_98' title='bbox 460 1710 536 1770; x_wconf 91' lang='grc' dir='ltr'><em>ΔΒ.</em></span> <span class='ocrx_word' id='word_1_99' title='bbox 582 1707 752 1790; x_wconf 81' lang='grc' dir='ltr'><em>γνώριμον</em></span> <span class='ocrx_word' id='word_1_100' title='bbox 776 1706 841 1791; x_wconf 76' lang='grc' dir='ltr'><em>ἄρα</em></span> <span class='ocrx_word' id='word_1_101' title='bbox 863 1702 978 1768; x_wconf 83' lang='grc' dir='ltr'><em>καὶτὸ</em></span> <span class='ocrx_word' id='word_1_102' title='bbox 1003 1707 1080 1767; x_wconf 90' lang='grc' dir='ltr'><em>ΑΒ.</em></span> 
     </span>
    </p>
   </div>
   <div class='ocr_carea' id='block_1_3' title="bbox 92 1882 682 1948">
    <p class='ocr_par' dir='ltr' id='par_1_7' title="bbox 92 1882 682 1948">
     <span class='ocr_line' id='line_1_16' title="bbox 92 1882 682 1948; baseline 0.002 -1"><span class='ocrx_word' id='word_1_103' title='bbox 92 1892 125 1939; x_wconf 79' lang='lat'><em>15</em></span> <span class='ocrx_word' id='word_1_104' title='bbox 622 1882 682 1948; x_wconf 85' lang='grc' dir='ltr'><em>ιθ’.</em></span> 
     </span>
    </p>
   </div>
   <div class='ocr_carea' id='block_1_4' title="bbox 92 2002 1164 3156">
    <p class='ocr_par' dir='ltr' id='par_1_8' title="bbox 92 2002 1164 3156">
     <span class='ocr_line' id='line_1_17' title="bbox 212 2002 1162 2091; baseline -0.001 -21"><span class='ocrx_word' id='word_1_105' title='bbox 212 2008 272 2091; x_wconf 80' lang='grc' dir='ltr'><em>Μὴ</em></span> <span class='ocrx_word' id='word_1_106' title='bbox 295 2007 502 2090; x_wconf 78' lang='grc' dir='ltr'><em>ὑπάρχοντος</em></span> <span class='ocrx_word' id='word_1_107' title='bbox 524 2006 621 2089; x_wconf 80' lang='grc' dir='ltr'><em>ἡλίου</em></span> <span class='ocrx_word' id='word_1_108' title='bbox 644 2008 681 2071; x_wconf 89' lang='grc' dir='ltr'><em>τὸ</em></span> <span class='ocrx_word' id='word_1_109' title='bbox 706 2002 811 2070; x_wconf 72' lang='grc' dir='ltr'><em>δοθὲν</em></span> <span class='ocrx_word' id='word_1_110' title='bbox 834 2005 920 2084; x_wconf 78' lang='grc' dir='ltr'><em>ὕψος</em></span> <span class='ocrx_word' id='word_1_111' title='bbox 937 2017 1076 2089; x_wconf 78' lang='grc' dir='ltr'><em>γνῶναι,</em></span> <span class='ocrx_word' id='word_1_112' title='bbox 1099 2028 1162 2089; x_wconf 82' lang='grc' dir='ltr'><em>πη-</em></span> 
     </span>
     <span class='ocr_line' id='line_1_18' title="bbox 145 2112 362 2178; baseline -0.009 0"><span class='ocrx_word' id='word_1_113' title='bbox 145 2117 240 2178; x_wconf 92' lang='grc' dir='ltr'><em>λίκον</em></span> <span class='ocrx_word' id='word_1_114' title='bbox 263 2112 362 2176; x_wconf 80' lang='grc' dir='ltr'><em>ἐστίν.</em></span> 
     </span>
     <span class='ocr_line' id='line_1_19' title="bbox 212 2215 1161 2303; baseline -0.001 -19"><span class='ocrx_word' id='word_1_115' title='bbox 212 2222 293 2284; x_wconf 80' lang='grc' dir='ltr'><em>ἔστω</em></span> <span class='ocrx_word' id='word_1_116' title='bbox 321 2242 353 2283; x_wconf 91' lang='grc' dir='ltr'><em>τι</em></span> <span class='ocrx_word' id='word_1_117' title='bbox 383 2217 574 2302; x_wconf 76' lang='grc' dir='ltr'><em>[μεγέθους]</em></span> <span class='ocrx_word' id='word_1_118' title='bbox 602 2219 688 2296; x_wconf 75' lang='grc' dir='ltr'><em>ὕψος</em></span> <span class='ocrx_word' id='word_1_119' title='bbox 715 2220 752 2283; x_wconf 91' lang='grc' dir='ltr'><em>τὸ</em></span> <span class='ocrx_word' id='word_1_120' title='bbox 781 2223 863 2303; x_wconf 83' lang='grc' dir='ltr'><em>ΑΒ,</em></span> <span class='ocrx_word' id='word_1_121' title='bbox 895 2220 983 2302; x_wconf 77' lang='grc' dir='ltr'><em>ὄμμα</em></span> <span class='ocrx_word' id='word_1_122' title='bbox 1011 2215 1049 2282; x_wconf 76' lang='grc' dir='ltr'><em>δὲ</em></span> <span class='ocrx_word' id='word_1_123' title='bbox 1077 2221 1161 2283; x_wconf 78' lang='grc' dir='ltr'><em>ἔστω</em></span> 
     </span>
     <span class='ocr_line' id='line_1_20' title="bbox 145 2322 1163 2409; baseline -0.001 -18"><span class='ocrx_word' id='word_1_124' title='bbox 145 2327 182 2391; x_wconf 92' lang='grc' dir='ltr'><em>τὸ</em></span> <span class='ocrx_word' id='word_1_125' title='bbox 207 2328 249 2409; x_wconf 78' lang='grc' dir='ltr'><em>Γ,</em></span> <span class='ocrx_word' id='word_1_126' title='bbox 276 2323 332 2390; x_wconf 80' lang='grc' dir='ltr'><em>καὶ</em></span> <span class='ocrx_word' id='word_1_127' title='bbox 360 2324 438 2389; x_wconf 76' lang='grc' dir='ltr'><em>δίον</em></span> <span class='ocrx_word' id='word_1_128' title='bbox 466 2328 547 2389; x_wconf 85' lang='grc' dir='ltr'><em>ἔστω</em></span> <span class='ocrx_word' id='word_1_129' title='bbox 572 2325 608 2388; x_wconf 89' lang='grc' dir='ltr'><em>τὸ</em></span> <span class='ocrx_word' id='word_1_130' title='bbox 632 2329 698 2388; x_wconf 89' lang='grc' dir='ltr'><em>ΑΒ</em></span> <span class='ocrx_word' id='word_1_131' title='bbox 722 2336 863 2409; x_wconf 82' lang='grc' dir='ltr'><em>γνῶναι,</em></span> <span class='ocrx_word' id='word_1_132' title='bbox 890 2327 1032 2407; x_wconf 79' lang='grc' dir='ltr'><em>πηλίκον</em></span> <span class='ocrx_word' id='word_1_133' title='bbox 1061 2322 1163 2408; x_wconf 78' lang='grc' dir='ltr'><em>ἐστίν,</em></span> 
     </span>
     <span class='ocr_line' id='line_1_21' title="bbox 92 2430 1161 2518; baseline 0.001 -22"><span class='ocrx_word' id='word_1_134' title='bbox 92 2447 126 2496; x_wconf 77' lang='lat'><em>20</em></span> <span class='ocrx_word' id='word_1_135' title='bbox 145 2433 190 2509; x_wconf 83' lang='grc' dir='ltr'><em>ὡς</em></span> <span class='ocrx_word' id='word_1_136' title='bbox 212 2434 256 2518; x_wconf 83' lang='grc' dir='ltr'><em>μὴ</em></span> <span class='ocrx_word' id='word_1_137' title='bbox 281 2431 489 2518; x_wconf 75' lang='grc' dir='ltr'><em>ὑπαρχοντος</em></span> <span class='ocrx_word' id='word_1_138' title='bbox 511 2430 616 2513; x_wconf 79' lang='grc' dir='ltr'><em>ἡλίου.</em></span> <span class='ocrx_word' id='word_1_139' title='bbox 661 2434 786 2497; x_wconf 89' lang='grc' dir='ltr'><em>κείσθω</em></span> <span class='ocrx_word' id='word_1_140' title='bbox 809 2432 996 2517; x_wconf 81' lang='grc' dir='ltr'><em>κάτοπτρον</em></span> <span class='ocrx_word' id='word_1_141' title='bbox 1019 2432 1057 2496; x_wconf 90' lang='grc' dir='ltr'><em>τὸ</em></span> <span class='ocrx_word' id='word_1_142' title='bbox 1082 2436 1161 2515; x_wconf 81' lang='grc' dir='ltr'><em>ΛΖ,</em></span> 
     </span>
     <span class='ocr_line' id='line_1_22' title="bbox 143 2536 1162 2625; baseline -0.001 -21"><span class='ocrx_word' id='word_1_143' title='bbox 143 2539 199 2604; x_wconf 81' lang='grc' dir='ltr'><em>καὶ</em></span> <span class='ocrx_word' id='word_1_144' title='bbox 221 2541 521 2625; x_wconf 76' lang='grc' dir='ltr'><em>προσεκβεβλήσθω</em></span> <span class='ocrx_word' id='word_1_145' title='bbox 545 2548 584 2623; x_wconf 77' lang='grc' dir='ltr'><em>τῇ</em></span> <span class='ocrx_word' id='word_1_146' title='bbox 607 2543 671 2603; x_wconf 91' lang='grc' dir='ltr'><em>ΕΔ</em></span> <span class='ocrx_word' id='word_1_147' title='bbox 694 2536 745 2602; x_wconf 81' lang='grc' dir='ltr'><em>ἐπ’</em></span> <span class='ocrx_word' id='word_1_148' title='bbox 766 2538 900 2614; x_wconf 76' lang='grc' dir='ltr'><em>εὐθείας</em></span> <span class='ocrx_word' id='word_1_149' title='bbox 922 2537 942 2621; x_wconf 77' lang='grc' dir='ltr'><strong><em>ἡ</em></strong></span> <span class='ocrx_word' id='word_1_150' title='bbox 962 2542 1041 2622; x_wconf 78' lang='grc' dir='ltr'><em>ΔΒ,</em></span> <span class='ocrx_word' id='word_1_151' title='bbox 1065 2540 1162 2624; x_wconf 78' lang='grc' dir='ltr'><em>ἄχρις</em></span> 
     </span>
     <span class='ocr_line' id='line_1_23' title="bbox 144 2642 1160 2732; baseline -0.001 -22"><span class='ocrx_word' id='word_1_152' title='bbox 144 2642 185 2711; x_wconf 87' lang='grc' dir='ltr'><em>οὗ</em></span> <span class='ocrx_word' id='word_1_153' title='bbox 209 2649 372 2730; x_wconf 77' lang='grc' dir='ltr'><em>συμβαλεῖ</em></span> <span class='ocrx_word' id='word_1_154' title='bbox 392 2653 437 2732; x_wconf 73' lang='grc' dir='ltr'><em>τῷ</em></span> <span class='ocrx_word' id='word_1_155' title='bbox 461 2643 577 2730; x_wconf 79' lang='grc' dir='ltr'><em>πέρατι</em></span> <span class='ocrx_word' id='word_1_156' title='bbox 600 2653 660 2709; x_wconf 88' lang='grc' dir='ltr'><em>τοῦ</em></span> <span class='ocrx_word' id='word_1_157' title='bbox 684 2649 749 2708; x_wconf 89' lang='grc' dir='ltr'><em>ΑΒ</em></span> <span class='ocrx_word' id='word_1_158' title='bbox 773 2642 937 2728; x_wconf 81' lang='grc' dir='ltr'><em>μεγέθους</em></span> <span class='ocrx_word' id='word_1_159' title='bbox 960 2654 1006 2732; x_wconf 78' lang='grc' dir='ltr'><em>τῷ</em></span> <span class='ocrx_word' id='word_1_160' title='bbox 1030 2648 1075 2728; x_wconf 73' lang='grc' dir='ltr'><em>Β,</em></span> <span class='ocrx_word' id='word_1_161' title='bbox 1103 2643 1160 2709; x_wconf 82' lang='grc' dir='ltr'><em>καὶ</em></span> 
     </span>
     <span class='ocr_line' id='line_1_24' title="bbox 144 2749 1161 2836; baseline -0.001 -20"><span class='ocrx_word' id='word_1_162' title='bbox 144 2752 373 2836; x_wconf 78' lang='grc' dir='ltr'><em>προσπιπτέτω</em></span> <span class='ocrx_word' id='word_1_163' title='bbox 406 2749 498 2827; x_wconf 80' lang='grc' dir='ltr'><em>ἀκτὶς</em></span> <span class='ocrx_word' id='word_1_164' title='bbox 529 2751 593 2816; x_wconf 84' lang='grc' dir='ltr'><em>ἀπὸ</em></span> <span class='ocrx_word' id='word_1_165' title='bbox 626 2760 686 2816; x_wconf 89' lang='grc' dir='ltr'><em>τοῦ</em></span> <span class='ocrx_word' id='word_1_166' title='bbox 714 2753 858 2835; x_wconf 80' lang='grc' dir='ltr'><em>ὄμματος</em></span> <span class='ocrx_word' id='word_1_167' title='bbox 884 2759 945 2814; x_wconf 84' lang='grc' dir='ltr'><em>τοῦ</em></span> <span class='ocrx_word' id='word_1_168' title='bbox 971 2752 1004 2813; x_wconf 88' lang='grc' dir='ltr'>Γ</span> <span class='ocrx_word' id='word_1_169' title='bbox 1031 2749 1052 2833; x_wconf 79' lang='grc' dir='ltr'><em>ἡ</em></span> <span class='ocrx_word' id='word_1_170' title='bbox 1081 2755 1161 2835; x_wconf 78' lang='grc' dir='ltr'><em>ΓΗ,</em></span> 
     </span>
     <span class='ocr_line' id='line_1_25' title="bbox 144 2854 1161 2945; baseline 0 -23"><span class='ocrx_word' id='word_1_171' title='bbox 144 2857 200 2923; x_wconf 82' lang='grc' dir='ltr'><em>καλ</em></span> <span class='ocrx_word' id='word_1_172' title='bbox 228 2858 541 2941; x_wconf 82' lang='grc' dir='ltr'><em>ἀντανακεκλοίσθω,</em></span> <span class='ocrx_word' id='word_1_173' title='bbox 574 2861 669 2944; x_wconf 79' lang='grc' dir='ltr'><em>ἄχρις</em></span> <span class='ocrx_word' id='word_1_174' title='bbox 701 2854 742 2922; x_wconf 86' lang='grc' dir='ltr'><em>οὗ</em></span> <span class='ocrx_word' id='word_1_175' title='bbox 770 2859 934 2941; x_wconf 77' lang='grc' dir='ltr'><em>συμβαλεῖ</em></span> <span class='ocrx_word' id='word_1_176' title='bbox 963 2866 1008 2945; x_wconf 74' lang='grc' dir='ltr'><em>τῷ</em></span> <span class='ocrx_word' id='word_1_177' title='bbox 1042 2856 1161 2943; x_wconf 82' lang='grc' dir='ltr'><em>πέρατι</em></span> 
     </span>
     <span class='ocr_line' id='line_1_26' title="bbox 93 2960 1164 3053; baseline 0.002 -25"><span class='ocrx_word' id='word_1_178' title='bbox 93 2979 126 3028; x_wconf 77' lang='lat'><em>25</em></span> <span class='ocrx_word' id='word_1_179' title='bbox 145 2975 206 3029; x_wconf 86' lang='grc' dir='ltr'><em>τοῦ</em></span> <span class='ocrx_word' id='word_1_180' title='bbox 229 2969 295 3029; x_wconf 89' lang='grc' dir='ltr'><em>ΑΒ</em></span> <span class='ocrx_word' id='word_1_181' title='bbox 318 2962 481 3049; x_wconf 80' lang='grc' dir='ltr'><em>μεγέθους</em></span> <span class='ocrx_word' id='word_1_182' title='bbox 503 2975 548 3053; x_wconf 76' lang='grc' dir='ltr'><em>τῷ</em></span> <span class='ocrx_word' id='word_1_183' title='bbox 568 2971 610 3048; x_wconf 83' lang='grc' dir='ltr'><em>Α,</em></span> <span class='ocrx_word' id='word_1_184' title='bbox 633 2960 689 3029; x_wconf 81' lang='grc' dir='ltr'><em>καὶ</em></span> <span class='ocrx_word' id='word_1_185' title='bbox 710 2966 1013 3049; x_wconf 79' lang='grc' dir='ltr'><em>προσεκβεβλήσθω</em></span> <span class='ocrx_word' id='word_1_186' title='bbox 1037 2973 1077 3049; x_wconf 75' lang='grc' dir='ltr'><em>τῇ</em></span> <span class='ocrx_word' id='word_1_187' title='bbox 1093 2970 1164 3030; x_wconf 89' lang='grc' dir='ltr'><em>ΔΕ</em></span> 
     </span>
     <span class='ocr_line' id='line_1_27' title="bbox 145 3068 1161 3156; baseline -0.002 -19"><span class='ocrx_word' id='word_1_188' title='bbox 145 3072 165 3156; x_wconf 76' lang='grc' dir='ltr'>ἡ</span> <span class='ocrx_word' id='word_1_189' title='bbox 188 3077 270 3156; x_wconf 76' lang='grc' dir='ltr'><em>ΕΘ,</em></span> <span class='ocrx_word' id='word_1_190' title='bbox 298 3070 353 3136; x_wconf 78' lang='grc' dir='ltr'><em>καὶ</em></span> <span class='ocrx_word' id='word_1_191' title='bbox 380 3072 475 3155; x_wconf 71' lang='grc' dir='ltr'><em>ἤχθω</em></span> <span class='ocrx_word' id='word_1_192' title='bbox 500 3071 563 3135; x_wconf 82' lang='grc' dir='ltr'><em>ἀπὸ</em></span> <span class='ocrx_word' id='word_1_193' title='bbox 586 3079 647 3134; x_wconf 87' lang='grc' dir='ltr'><em>τοῦ</em></span> <span class='ocrx_word' id='word_1_194' title='bbox 671 3073 703 3133; x_wconf 91' lang='grc' dir='ltr'><strong><em>Γ</em></strong></span> <span class='ocrx_word' id='word_1_195' title='bbox 727 3068 779 3135; x_wconf 80' lang='grc' dir='ltr'><em>ἐπὶ</em></span> <span class='ocrx_word' id='word_1_196' title='bbox 802 3072 862 3155; x_wconf 80' lang='grc' dir='ltr'><em>τὴν</em></span> <span class='ocrx_word' id='word_1_197' title='bbox 885 3074 952 3135; x_wconf 85' lang='grc' dir='ltr'><em>ΕΘ</em></span> <span class='ocrx_word' id='word_1_198' title='bbox 973 3071 1119 3148; x_wconf 79' lang='grc' dir='ltr'><em>κάθετος</em></span> <span class='ocrx_word' id='word_1_199' title='bbox 1140 3071 1161 3155; x_wconf 79' lang='grc' dir='ltr'>ἡ</span> 
     </span>
    </p>
   </div>
   <div class='ocr_carea' id='block_1_5' title="bbox 144 3243 1163 3601">
    <p class='ocr_par' dir='ltr' id='par_1_9' title="bbox 217 3243 1161 3314">
     <span class='ocr_line' id='line_1_28' title="bbox 217 3243 1161 3314; baseline 0.001 -14"><span class='ocrx_word' id='word_1_200' title='bbox 217 3252 239 3300; x_wconf 80' lang='grc' dir='ltr'><em>λ.</em></span> <span class='ocrx_word' id='word_1_201' title='bbox 259 3246 333 3300; x_wconf 80' lang='lat' dir='ltr'><strong>Ante</strong></span> <span class='ocrx_word' id='word_1_202' title='bbox 351 3243 424 3300; x_wconf 80' lang='grc' dir='ltr'><em>αατολ</em></span> <span class='ocrx_word' id='word_1_203' title='bbox 443 3245 507 3298; x_wconf 80' lang='lat' dir='ltr'>add.</span> <span class='ocrx_word' id='word_1_204' title='bbox 527 3243 597 3297; x_wconf 80' lang='grc' dir='ltr'><em>ἀλλά</em></span> <span class='ocrx_word' id='word_1_205' title='bbox 615 3262 651 3314; x_wconf 86' lang='lat' dir='ltr'><em>m,</em></span> <span class='ocrx_word' id='word_1_206' title='bbox 670 3263 706 3299; x_wconf 88' lang='lat' dir='ltr'><em>m.</em></span> <span class='ocrx_word' id='word_1_207' title='bbox 728 3252 743 3298; x_wconf 78' lang='lat'>2</span> <span class='ocrx_word' id='word_1_208' title='bbox 762 3245 858 3300; x_wconf 74' lang='lat' dir='ltr'><strong>vvat.</strong></span> <span class='ocrx_word' id='word_1_209' title='bbox 922 3250 946 3299; x_wconf 88' lang='lat'><em>8.</em></span> <span class='ocrx_word' id='word_1_210' title='bbox 966 3244 1105 3313; x_wconf 81' lang='grc' dir='ltr'><em>ἡρμόσθω</em></span> <span class='ocrx_word' id='word_1_211' title='bbox 1124 3265 1161 3301; x_wconf 74' lang='lat' dir='ltr'><strong>m</strong></span> 
     </span>
    </p>

    <p class='ocr_par' dir='ltr' id='par_1_10' title="bbox 144 3316 1163 3601">
     <span class='ocr_line' id='line_1_29' title="bbox 181 3316 1160 3388; baseline 0.001 -18"><span class='ocrx_word' id='word_1_212' title='bbox 181 3323 205 3370; x_wconf 83' lang='lat'><em>9.</em></span> <span class='ocrx_word' id='word_1_213' title='bbox 224 3318 312 3387; x_wconf 86' lang='grc' dir='ltr'><em>ΑΒΔ]</em></span> <span class='ocrx_word' id='word_1_214' title='bbox 332 3333 400 3370; x_wconf 80' lang='lat' dir='ltr'><strong>corr.</strong></span> <span class='ocrx_word' id='word_1_215' title='bbox 417 3332 450 3369; x_wconf 82' lang='lat' dir='ltr'><em>ex</em></span> <span class='ocrx_word' id='word_1_216' title='bbox 464 3319 548 3369; x_wconf 90' lang='grc' dir='ltr'><em>ΑΒΓ</em></span> <span class='ocrx_word' id='word_1_217' title='bbox 561 3316 595 3370; x_wconf 86' lang='lat' dir='ltr'><em>V.</em></span> <span class='ocrx_word' id='word_1_218' title='bbox 651 3322 693 3370; x_wconf 91' lang='lat'><em>10.</em></span> <span class='ocrx_word' id='word_1_219' title='bbox 713 3318 785 3388; x_wconf 82' lang='grc' dir='ltr'><em>ΔΕ]</em></span> <span class='ocrx_word' id='word_1_220' title='bbox 804 3321 859 3371; x_wconf 90' lang='grc' dir='ltr'><em>ΔΖ</em></span> <span class='ocrx_word' id='word_1_221' title='bbox 877 3317 931 3384; x_wconf 88' lang='lat' dir='ltr'><em>Bv,</em></span> <span class='ocrx_word' id='word_1_222' title='bbox 952 3318 981 3369; x_wconf 77' lang='lat' dir='ltr'><em>et</em></span> <span class='ocrx_word' id='word_1_223' title='bbox 994 3316 1069 3385; x_wconf 53' lang='lat' dir='ltr'><em>Vah,</em></span> <span class='ocrx_word' id='word_1_224' title='bbox 1090 3334 1160 3371; x_wconf 86' lang='lat' dir='ltr'>corr.</span> 
     </span>
     <span class='ocr_line' id='line_1_30' title="bbox 144 3385 1161 3458; baseline 0.003 -18"><span class='ocrx_word' id='word_1_225' title='bbox 144 3394 220 3442; x_wconf 67' lang='grc' dir='ltr'><em>καλ.</em></span> <span class='ocrx_word' id='word_1_226' title='bbox 276 3394 318 3441; x_wconf 80' lang='lat'><em>12.</em></span> <span class='ocrx_word' id='word_1_227' title='bbox 337 3388 409 3457; x_wconf 85' lang='grc' dir='ltr'><em>ΔΕ]</em></span> <span class='ocrx_word' id='word_1_228' title='bbox 429 3391 483 3441; x_wconf 87' lang='grc' dir='ltr'><em>ΔΖ</em></span> <span class='ocrx_word' id='word_1_229' title='bbox 501 3387 555 3456; x_wconf 80' lang='grc' dir='ltr'><em>Βν,</em></span> <span class='ocrx_word' id='word_1_230' title='bbox 576 3387 692 3456; x_wconf 56' lang='lat' dir='ltr'>efflat„</span> <span class='ocrx_word' id='word_1_231' title='bbox 712 3405 780 3443; x_wconf 84' lang='lat' dir='ltr'>corr.</span> <span class='ocrx_word' id='word_1_232' title='bbox 795 3407 831 3443; x_wconf 89' lang='lat' dir='ltr'><em>m.</em></span> <span class='ocrx_word' id='word_1_233' title='bbox 848 3395 871 3442; x_wconf 75' lang='lat'><em>2.</em></span> <span class='ocrx_word' id='word_1_234' title='bbox 929 3385 1161 3458; x_wconf 73' lang='lat' dir='ltr'>Ez]inras.V‚</span> 
     </span>
     <span class='ocr_line' id='line_1_31' title="bbox 148 3458 1162 3528; baseline 0.002 -16"><span class='ocrx_word' id='word_1_235' title='bbox 148 3462 200 3512; x_wconf 91' lang='grc' dir='ltr'><em>ΖΕ</em></span> <span class='ocrx_word' id='word_1_236' title='bbox 218 3458 341 3512; x_wconf 57' lang='lat' dir='ltr'>BVatJ.</span> <span class='ocrx_word' id='word_1_237' title='bbox 409 3463 450 3512; x_wconf 84' lang='lat'><em>14.</em></span> <span class='ocrx_word' id='word_1_238' title='bbox 470 3458 539 3512; x_wconf 80' lang='lat' dir='ltr'><strong>Post</strong></span> <span class='ocrx_word' id='word_1_239' title='bbox 556 3464 606 3513; x_wconf 86' lang='lat' dir='ltr'><em>AB</em></span> <span class='ocrx_word' id='word_1_240' title='bbox 626 3459 690 3514; x_wconf 81' lang='lat' dir='ltr'>add.</span> <span class='ocrx_word' id='word_1_241' title='bbox 712 3459 833 3528; x_wconf 68' lang='grc' dir='ltr'><em>εωὲξῆς</em></span> <span class='ocrx_word' id='word_1_242' title='bbox 850 3459 884 3527; x_wconf 79' lang='lat' dir='ltr'><em>V,</em></span> <span class='ocrx_word' id='word_1_243' title='bbox 903 3477 939 3512; x_wconf 92' lang='lat' dir='ltr'><em>m.</em></span> <span class='ocrx_word' id='word_1_244' title='bbox 960 3464 975 3510; x_wconf 78' lang='lat'>2</span> <span class='ocrx_word' id='word_1_245' title='bbox 994 3458 1060 3513; x_wconf 75' lang='lat' dir='ltr'>vat.</span> <span class='ocrx_word' id='word_1_246' title='bbox 1120 3466 1162 3514; x_wconf 76' lang='lat'><em>15.</em></span> 
     </span>
     <span class='ocr_line' id='line_1_32' title="bbox 146 3528 1163 3601; baseline 0.003 -18"><span class='ocrx_word' id='word_1_247' title='bbox 146 3530 204 3601; x_wconf 83' lang='grc' dir='ltr'><em>ιθ’]</em></span> <span class='ocrx_word' id='word_1_248' title='bbox 223 3529 252 3584; x_wconf 83' lang='grc' dir='ltr'><em>κ’</em></span> <span class='ocrx_word' id='word_1_249' title='bbox 273 3528 353 3582; x_wconf 82' lang='lat' dir='ltr'>codd.</span> <span class='ocrx_word' id='word_1_250' title='bbox 446 3535 486 3583; x_wconf 79' lang='lat'><em>17.</em></span> <span class='ocrx_word' id='word_1_251' title='bbox 512 3528 568 3583; x_wconf 78' lang='grc' dir='ltr'><em>ἐστί</em></span> <span class='ocrx_word' id='word_1_252' title='bbox 590 3548 616 3585; x_wconf 86' lang='lat' dir='ltr'><em>v.</em></span> <span class='ocrx_word' id='word_1_253' title='bbox 706 3530 779 3585; x_wconf 86' lang='lat' dir='ltr'><strong>Dein</strong></span> <span class='ocrx_word' id='word_1_254' title='bbox 803 3530 867 3584; x_wconf 81' lang='lat' dir='ltr'><strong>add.</strong></span> <span class='ocrx_word' id='word_1_255' title='bbox 889 3529 951 3599; x_wconf 80' lang='grc' dir='ltr'><strong><em>ἑξῆς</em></strong></span> <span class='ocrx_word' id='word_1_256' title='bbox 969 3529 1004 3598; x_wconf 86' lang='grc' dir='ltr'><em>Β,</em></span> <span class='ocrx_word' id='word_1_257' title='bbox 1035 3530 1086 3585; x_wconf 78' lang='lat' dir='ltr'><em>sed</em></span> <span class='ocrx_word' id='word_1_258' title='bbox 1107 3531 1163 3586; x_wconf 86' lang='lat' dir='ltr'><strong>del.</strong></span> 
     </span>
    </p>
   </div>
   <div class='ocr_carea' id='block_1_6' title="bbox 0 0 1216 3944">
    <p class='ocr_par' dir='ltr' id='par_1_11' title="bbox 0 0 1216 3944">
     <span class='ocr_line' id='line_1_33' title="bbox 0 0 1216 3944; baseline 0 1"><span class='ocrx_word' id='word_1_259' title='bbox 0 0 1216 3944; x_wconf 95' lang='lat' dir='ltr'><em> </em></span> 
     </span>
    </p>
   </div>
  </div>
 </body>
</html>
