2424 3944
73 165 135 219 1111
440 123 719 215 iaonacounui.

73 306 169 360 buisse
197 304 321 372 uidetur,
351 319 414 356 cum
441 301 511 357 dicit
534 303 649 356 Meteon.
668 301 695 354 11
722 320 749 371 p.
771 307 837 357 127:
865 301 958 354 adhuc
984 303 1089 369 autem,

74 384 149 439 sicut
163 384 234 439 dicit
246 382 385 452 Euclides,
401 382 546 451 speculum
558 399 616 436 non
630 384 743 436 tantum
756 373 922 436 manifestat
934 380 1089 451 imaginem

72 465 122 534 rei,
142 464 191 519 sed
211 463 297 518 etiam
316 461 482 516 distantiam
501 461 561 517 eius
581 479 598 516 0
616 461 739 531 speculo,
758 461 827 530 quia
840 478 892 529 res,
912 477 984 529 quae
1003 460 1088 536 longe

73 545 163 598 distat
182 561 199 597 a
218 543 339 613 speculo,
358 542 471 596 uidetur
490 559 551 596 esse
569 542 599 595 in
612 541 783 612 profundum
801 541 909 611 speculi
926 541 962 595 ad
976 543 1088 594 tantam

74 622 252 692 distantiam,
277 622 315 676 ad
337 625 473 691 quantam
497 621 586 677 distat
610 639 627 676 a
646 622 791 692 superficie
815 621 922 692 speculi
941 621 999 691 (cfr.
1019 620 1088 675 Uin-

74 702 182 757 centius
201 702 344 758 Bellouac.
364 701 473 771 Specul.
491 705 550 758 nat.
569 702 603 771 Π,
623 707 670 758 80:
697 701 831 771 quoniam
848 702 879 755 in
898 700 1011 771 speculo
1030 718 1089 754 non

72 782 193 836 resultat
210 782 301 836 forma
314 777 520 851 tautummodo,
540 781 690 836 sedetiam
705 781 850 851 distantia,
869 799 942 850 quae
957 784 1000 836 est
1014 781 1089 835 inter

74 861 277 931 adspicientem
305 865 334 917 et
357 861 511 932 speculum)
539 865 568 916 et
589 862 632 917 De
655 879 738 916 sensu
761 865 791 916 et
813 865 926 916 sensato
944 862 970 916 V
992 880 1019 931 p.
1041 869 1088 917 11:

72 943 170 998 taliter
187 945 283 1012 potest
301 942 407 997 moueri
426 941 564 996 elenando
584 945 613 996 et
632 941 812 1011 deprimendo
832 941 988 1011 speculum,
1012 941 1089 1009 quod

73 1023 174 1078 uidens
198 1022 309 1077 uidebit
331 1022 476 1092 speculum
504 1024 533 1076 et
555 1024 651 1076 tamen
676 1039 733 1076 non
755 1021 919 1076 uidebit'se
941 1021 1035 1091 ipsum
1058 1020 1089 1073 in

74 1103 201 1174 speculo,
231 1103 304 1157 sicut
326 1103 550 1157 demonstratum
573 1105 617 1156 est
640 1102 676 1156 ab
699 1101 816 1156 Euclide
839 1101 870 1154 in
891 1100 1087 1171 prospectiuis.

74 1186 110 1240 de
128 1183 278 1239 Uincentio
293 1175 490 1236 Bellouacensi
507 1198 551 1235 res
570 1181 678 1236 incerta
697 1185 753 1250 est3
773 1181 820 1236 cfr.
837 1182 916 1250 Spec.
926 1185 984 1236 nat.
995 1182 1030 1250 Π,
1042 1187 1088 1237 77:

75 1265 111 1319 ab
129 1261 247 1318 Euclide
265 1260 409 1316 inuenitur
427 1262 589 1330 probatum,
609 1261 685 1329 quod
703 1259 826 1314 reflectio
845 1259 959 1314 luminis
979 1277 1090 1330 semper

73 1344 106 1398 fit
124 1342 162 1398 ad
179 1359 262 1412 pares
281 1341 400 1411 angulos
419 1339 466 1394 uel
479 1339 510 1394 in
525 1357 554 1394 se
567 1339 673 1410 ipsum,
693 1341 730 1395 ad
742 1356 825 1409 pares
839 1341 954 1409 quidem
969 1341 1089 1412 angulos

73 1424 113 1492 fit,
134 1421 158 1475 si
176 1420 272 1474 radius
292 1437 325 1474 ex
344 1419 459 1487 obliquo
478 1418 594 1474 ueniens
614 1423 657 1473 est
676 1420 711 1474 ad
731 1420 905 1489 superficiem
924 1421 1040 1491 speculi,
1059 1421 1090 1475 in

74 1519 104 1557 se
127 1501 220 1571 ipsum
244 1502 351 1569 autem,
376 1499 400 1553 si
417 1499 687 1569 perpendiculariter
705 1499 840 1570 (Catoptr.
862 1504 953 1571 1-2);
981 1501 1020 1570 H,
1040 1507 1089 1557 81:

72 1599 130 1636 non
149 1582 240 1636 solum
258 1597 325 1634 uero
345 1580 464 1650 adparet
481 1580 581 1634 dextra
600 1579 714 1635 sinistra
732 1583 762 1635 et
780 1583 908 1635 econtra
922 1581 952 1634 in
967 1581 1089 1652 speculis

74 1661 206 1716 connexis
225 1661 360 1732 (Catoptr.
380 1663 438 1730 20),
462 1660 618 1715 sedetiam
635 1660 666 1713 in
682 1659 776 1730 planis
796 1660 930 1730 (Catoptr.
951 1664 1008 1731 19),
1031 1678 1090 1715 non

74 1746 170 1797 tamen
193 1759 227 1796 ex
250 1758 348 1810 causa,
377 1758 462 1809 quam
485 1741 516 1794 in
538 1740 611 1794 libro
640 1739 675 1794 de
700 1739 820 1809 speculis
843 1739 925 1809 ponit
947 1740 1088 1810 Euclides,

72 1821 209 1876 uidelicet
227 1838 260 1875 eo
279 1820 355 1889 quod
373 1819 520 1874 uideamus
539 1837 589 1890 per
604 1820 694 1874 lineas
713 1819 836 1874 radiales
856 1820 892 1874 ab
907 1820 996 1874 oculis
1011 1837 1090 1890 egre-

75 1902 184 1956 dientes
203 1901 338 1972 (Oatoptr.
356 1917 384 1968 p.
400 1905 465 1969 286,
486 1904 520 1970 1).
559 1900 608 1954 sed
626 1898 740 1953 uidetur
757 1902 854 1954 tamen
871 1903 999 1954 nostrum
1018 1919 1089 1971 opus

73 1997 219 2051 respicere.

145 2060 205 2114 sine
227 2059 286 2113 ullo
311 2058 397 2112 dubio
420 2057 570 2128 respicitur
597 2058 628 2112 in
650 2062 774 2114 tractatu
803 2061 838 2114 de
863 2060 983 2129 speculis
1012 2063 1089 2131 apud

74 2138 228 2208 Oombach,
252 2139 372 2193 Baconis
396 2141 534 2209 per-spect.
552 2158 579 2209 p.
601 2145 664 2195 168:
693 2157 727 2194 ex
750 2139 881 2194 concauis
906 2140 1027 2210 speculis
1051 2143 1089 2195 ad

74 2217 162 2273 solem
179 2218 280 2288 positis
299 2218 373 2289 ignis
393 2218 564 2275 accenditur.
592 2219 662 2274 haec
681 2219 783 2274 ultima
800 2220 956 2290 propositio
971 2220 1038 2274 libri
1053 2221 1090 2276 de

73 2298 194 2368 speculis
214 2298 407 2353 communibus
422 2298 463 2353 sic
478 2298 687 2354 demonstratur
701 2299 808 2354 ibidem
821 2300 959 2371 (sequitur
973 2302 1090 2355 demon-

75 2378 188 2450 stratio,
214 2379 263 2433 sed
283 2379 425 2449 amplior),
449 2381 478 2434 et
497 2397 514 2433 a
532 2380 656 2434 Iohanne
674 2380 817 2434 Peckham
834 2381 929 2449 Persp.
950 2397 1088 2437 commun.

72 2459 107 2528 ΙΙ,
128 2465 175 2514 17:
194 2457 260 2512 hinc
275 2460 326 2527 est,
345 2458 422 2527 quod
441 2475 459 2511 0
477 2459 599 2528 speculis
618 2459 750 2513 concauis
770 2458 923 2528 sphaericis
943 2461 980 2514 ad
999 2460 1089 2515 solem

73 2537 176 2608 positis
194 2537 269 2609 ignis
288 2537 452 2593 accenditur
470 2538 646 2610 (cfr.11,oo)‚
670 2542 699 2594 et
717 2540 751 2609 Π,
771 2545 818 2595 50:
836 2539 867 2593 in
887 2540 1007 2609 speculis
1023 2558 1090 2595 con-

74 2617 151 2672 cauis
170 2635 214 2672 res
232 2636 307 2672 nunc
326 2636 476 2673 conuersas
494 2637 569 2673 nunc
588 2635 699 2674 euersas
714 2635 857 2688 apparere.
886 2619 959 2673 hano
974 2621 1090 2675 demon-

73 2696 176 2752 strauit
194 2697 325 2752 Euclides
344 2699 379 2752 de
399 2697 520 2767 speculis
539 2698 674 2769 (Catoptr.
691 2703 808 2765 11—12;
829 2698 956 2766 sequitur
973 2699 1090 2754 demon-

74 2777 175 2833 stratio
195 2794 212 2831 a
231 2777 339 2832 Graeca
357 2777 493 2848 diuersa);
512 2779 545 2847 Π,
561 2785 594 2833 52
614 2794 693 2832 uero:
712 2777 743 2831 in
762 2777 883 2847 speculis
903 2779 1035 2833 concauis
1054 2797 1089 2834 ex

73 2857 239 2912 diuersitate
268 2856 372 2910 situum
400 2857 540 2924 quaedam
567 2873 702 2927 apparere
728 2859 807 2910 recta
834 2859 973 2926 quaedam
1001 2877 1090 2914 curua

73 2938 214 3005 quaedam
233 2952 358 2991 conuexa
377 2980 419 2992 ...
439 2935 540 2990 diffuse
555 2937 763 2992 demonstratur
780 2937 853 2992 libro
869 2941 947 2993 sexto
960 2930 1022 3008 cap.
1035 2940 1090 2994 VII

72 3017 208 3086 Alhacen,
225 3015 357 3071 Euclides
377 3018 472 3070 autem
485 3018 598 3070 tantum
612 3016 773 3087 apparentis
788 3017 936 3073 curuitatis
950 3019 1090 3090 meminit,

73 3112 108 3149 ex
127 3097 184 3151 0110
203 3113 286 3167 opere
307 3099 379 3152 sunt.

147 3177 283 3247 Georgius
302 3176 387 3230 Ualla
409 3176 451 3230 De
475 3178 566 3244 expet.
590 3180 620 3230 et
646 3177 704 3247 fug.
723 3176 807 3231 rebus
830 3177 889 3247 XV,
916 3184 932 3231 2
961 3178 1049 3233 etiam
1074 3196 1090 3234 e

74 3253 242 3324 Catoptricis
262 3256 401 3324 quaedam
419 3254 567 3310 transtulit
585 3257 674 3325 (Neue
688 3256 784 3312 Jahrb.
800 3256 896 3327 Suppl.
912 3259 963 3311 XII
976 3277 1004 3327 p.
1015 3262 1089 3329 395).

74 3351 138 3387 eum
157 3337 186 3388 et
205 3335 383 3389 Zambertum
401 3334 503 3390 iisdem
522 3335 679 3407 codicibus,
704 3337 807 3405 quibus
825 3337 856 3391 in
876 3337 997 3408 Opticis,
1022 3357 1091 3394 usos

74 3431 143 3483 esse,
162 3416 382 3468 consentaneum
396 3417 451 3485 est,
471 3415 519 3472 cfr.
533 3435 561 3486 p.
575 3422 634 3487 286,
650 3423 666 3472 8
685 3415 770 3489 ὕψος]
789 3415 881 3488 ὕψους
899 3419 1009 3473 Monac.
1026 3424 1089 3490 361,

73 3496 220 3562 spectantis
232 3495 378 3565 suscipiam
396 3495 488 3567 Ualla,
508 3499 610 3567 suspecte¹
626 3498 736 3568 fastipic'
754 3496 927 3568 Zambertus,
945 3517 972 3569 p.
982 3504 1045 3568 288,
1055 3505 1090 3554 10
