2424 3944
151 176 218 240 204
362 175 574 228 omcomm
591 173 770 226 εωοεαειο
789 172 957 227 monle.

191 302 313 405 ’ἤχθω
341 319 450 404 γὰρη
472 314 534 403 μὲν
558 321 618 382 ΓΖ
645 318 820 402 διάμετρος
846 318 931 403 πρὸς
952 316 1065 403 ὀρθὰς
1089 313 1170 384 οὖσα

153 439 192 513 τῆ
215 432 296 510 ΑΒ,
328 426 349 510 ἡ
377 423 414 490 δὲ
436 428 508 490 ΑΚ
534 425 672 501 ἀνίσους
698 433 841 489 ποιοῦσα
868 426 994 507 γωνίας
1021 424 1109 510 πρὸς
1131 433 1169 511 τη

153 538 235 618 ΑΒ,
263 531 318 597 καὶ
346 531 595 615 ἐπεζεύχθωσαν
618 555 639 595 α
641 532 748 615 ίΒΓ,
771 535 849 614 ΒΔ,
873 535 952 614 ΒΖ,
973 534 1060 615 ΒΚ,
1089 533 1168 596 ἔστω

154 637 191 704 δὲ
218 642 380 725 πρότερον
406 638 427 722 ἡ
450 643 518 702 BA
544 647 602 722 τῆς
624 640 697 703 ΑΚ
720 640 848 721 μειζων.
898 637 1026 702 ούκοῦν
1053 640 1169 722 μειζων

119 745 245 813 ὅέστὶν
272 744 292 828 ἡ
320 744 534 831 περιεχομένη
561 747 667 826 γωνία
693 744 759 809 ὑπὸ
782 755 851 809 τῶν
875 747 970 809 ΓΒΖ
999 753 1061 828 τῆς
1083 765 1169 830 περι-

155 850 310 936 εχομένης
332 851 397 916 ὑπὸ
421 862 488 916 τῶν
507 854 619 934 ΚΒΑ,
643 850 689 927 ὡς
711 849 748 915 ἐν
766 861 836 925 τοῖς
853 850 1075 935 θεωρήμασιν
1093 848 1167 914 ἀπο

155 960 333 1022 δείκνυται.
383 958 423 1021 τδι
456 955 497 1021 δέ
525 980 563 1040 γε
594 957 659 1022 ύκὸ
691 960 839 1041 μείζονος
866 959 990 1039 γωνίας
1020 955 1168 1042 ὁρώμενα

154 1068 286 1148 μείζονα
304 1067 470 1148 φαίνεται·
496 1065 615 1147 μείζων
633 1064 697 1149 ἄρα
715 1063 735 1147 ἡ
756 1065 816 1126 ΓΖ
838 1071 897 1145 της
915 1064 990 1126 ΛΚ
1008 1065 1166 1146 φαίνεται.

156 1169 214 1235 ἐὰν
228 1167 265 1234 δὲ
280 1169 301 1253 η
316 1175 379 1234 ΒΑ
396 1179 454 1253 τῆς
467 1173 541 1233 ΑΚ
556 1168 704 1235 έλύσσων
717 1163 749 1255 ᾖ,
767 1171 886 1253 μείζων
900 1170 1057 1252 φαίνεται
1070 1167 1092 1251 ἡ
1106 1169 1170 1233 ΑΚ

104 1295 137 1344 10
156 1287 213 1360 τῆς
241 1280 312 1341 ΓΖ.

212 1453 320 1519 Ἔστω
339 1455 469 1537 κύκλος,
493 1449 534 1519 οὗ
552 1450 690 1538 κέντρον
708 1454 745 1518 τὸ
764 1459 807 1538 Α,
829 1455 918 1537 ὄμμα
936 1450 973 1517 δὲ
992 1452 1030 1517 τὸ
1049 1456 1091 1537 Β,
1110 1447 1163 1535 ἀφ’

158 1557 199 1626 οὗ
222 1561 242 1645 ἡ
266 1559 319 1626 ἐπὶ
341 1562 401 1626 τὸν
419 1561 542 1626 κύκλον
564 1558 705 1636 κύθετος
727 1557 870 1644 ἀγομένη
893 1561 938 1644 μὴ
956 1557 1102 1624 πιπτέτω
1120 1554 1165 1623 ἐπὶ

157 1669 194 1733 τὸ
217 1666 356 1753 κέντρον
378 1669 415 1732 τὸ
428 1674 472 1752 Α,
495 1665 568 1732 ἀλλ’
590 1666 691 1750 ἐκτός,
713 1665 769 1732 καὶ
791 1669 874 1732 ἔστω
893 1665 913 1748 ἡ
932 1669 1006 1751 ΒΓ,
1028 1664 1086 1730 καὶ
1104 1664 1165 1730 ἐπε-

32 1810 35 1815 ·
159 1775 285 1858 ζεύχθω
310 1773 373 1838 ἀπὸ
396 1783 457 1838 τοῦ
477 1777 510 1838 Γ
527 1771 580 1838 ἐπὶ
602 1775 639 1838 τὸ
659 1780 691 1838 A
713 1773 733 1856 ἡ
754 1776 824 1856 ΓΑ,
848 1776 896 1838 ἔτι
918 1769 956 1836 δὲ
975 1771 1040 1837 ἀπὸ
1064 1773 1165 1836 τοῦΑ

106 1898 139 1945 15
160 1879 212 1945 ἐπὶ
237 1882 274 1945 τὸ
298 1885 326 1944 Β
354 1881 374 1964 ἡ
403 1885 478 1945 ΒΑ.
528 1879 627 1963 λέγω,
661 1881 710 1946 ὅτι
736 1890 853 1944 πασῶν
880 1890 948 1944 τῶν
974 1878 1033 1943 διὰ
1061 1879 1165 1943 τούΑ

159 1984 366 2070 διαγομένων
393 1987 536 2051 εὐθειῶν
562 1984 618 2050 καὶ
645 1997 815 2050 ποιουσῶν
840 1987 924 2072 πρὸς
951 1994 991 2071 τῇ
1015 1989 1085 2050 BA
1112 2008 1165 2068 γω

159 2096 233 2168 νίας
260 2091 412 2175 ἐλαχίστη
441 2091 531 2157 ἐστὶν
562 2092 582 2175 ἡ
610 2093 675 2157 ὑπὸ
705 2103 773 2157 τῶν
801 2095 904 2156 ΓΑΒ.
950 2091 1085 2176 διήχθω
1112 2092 1165 2175 γὰρ

164 2198 280 2263 εὐθεῖα
306 2197 327 2281 ἡ
350 2203 464 2282 ΔΑΕ,
496 2197 551 2263 καὶ
578 2200 673 2282 ἤχθω
702 2197 765 2263 ἀπὸ
793 2207 853 2262 τοῦ
877 2200 910 2261 Γ
937 2195 991 2262 ἐπὶ
1019 2200 1083 2283 τὴν
1108 2199 1168 2263 AB

160 2304 300 2381 κύθετος
326 2304 429 2393 ἐντῷ
453 2304 596 2393 έκικέδςο
619 2305 640 2390 η
664 2308 740 2388 ΓΖ,
766 2303 823 2369 καὶ
846 2303 1031 2387 ἐπεζεύχθω
1055 2305 1077 2389 ἡ
1099 2307 1167 2369 ΒΖ·

107 2427 142 2476 ‘20
159 2409 215 2476 καὶ
237 2409 258 2493 ἡ
282 2415 344 2475 ΒΖ
368 2413 431 2496 ἄρα
457 2410 509 2476 ἐπὶ
532 2413 593 2495 τὴν
614 2417 685 2476 ΔΕ
707 2411 848 2488 κάθετός
875 2410 974 2476 ἐστιν.
1022 2410 1093 2477 ἐπεὶ
1115 2405 1167 2477 ωἰν

159 2518 247 2604 ὀρθὴ
275 2517 295 2601 η
320 2517 386 2582 ὑπὸ
410 2520 519 2600 ΓΖΑ,
546 2517 567 2601 ἡ
594 2516 659 2581 ὑπὸ
687 2521 787 2582 ΑΓΖ
815 2520 879 2604 ἄρα
907 2516 1060 2582 ε’λύσσων
1088 2514 1167 2582 ἐστὶν

160 2625 278 2711 ὀρθῆς·
301 2627 420 2708 μείζων
442 2624 507 2708 ύρα
527 2621 547 2705 ἡ
567 2625 638 2686 ΑΓ
655 2624 781 2709 πλευρὰ
799 2632 857 2707 της
879 2628 953 2688 ΑΖ.
990 2624 1167 2709 ηΒΑύρα
1206 2670 1208 2681 .

160 2733 242 2816 πρὸς
265 2732 327 2815 τὴν
349 2737 382 2795 Α
388 2735 416 2794 Ζ
438 2733 570 2814 μείζονα
593 2732 695 2812 λόγον
717 2732 782 2813 ἔχει
805 2731 887 2816 ἤπερ
909 2731 994 2816 πρὸς
1016 2732 1081 2815 τὴν
1101 2729 1165 2796 ΑΓ.
1206 2758 1208 2811 ι

161 2837 233 2904 ἀλλ’
258 2837 279 2920 ἡ
306 2836 372 2902 ὑπὸ
400 2847 467 2901 τῶν
494 2839 594 2901 ΑΓΒ
625 2839 730 2919 γωνία
757 2835 813 2901 καὶ
839 2836 860 2920 ἡ
887 2837 952 2901 ὑπὸ
980 2848 1051 2902 τῶν
1075 2837 1166 2902 ΒΖΑ

108 2960 142 3009 25
162 2948 247 3010 εἰσιν
269 2943 386 3058 ὀρθαί,
415 2947 473 3007 καί
493 2945 578 3007 εἰσιν
602 2968 636 3007 αι
629 2945 733 3026 ΓΑ,
753 2947 820 3007 ΑΖ
842 2944 966 3009 ύνισοι
999 2940 1056 3008 καὶ
1079 2940 1165 3023 λοιπὴ

233 3109 258 3158 4.
278 3098 339 3170 μείζ
360 3121 377 3155 ν
392 3100 465 3170 (pr.)]
485 3101 546 3168 μεζ
546 3119 578 3153 ον
597 3118 622 3153 v
691 3095 791 3166 μείζων
806 3099 889 3171 (alt.)]
909 3101 1004 3168 μεῖζον
1024 3118 1050 3170 v,
1070 3095 1147 3170 μεί-
1139 3112 1164 3149 m

163 3191 216 3228 ras.
236 3174 270 3227 V
362 3177 386 3226 6.
410 3171 479 3251 1³96
501 3179 559 3232 τοῖς
583 3170 647 3225 add
671 3168 817 3239 προτέροις
839 3189 876 3225 m.
900 3187 954 3225 rec.
978 3171 1013 3226 V.
1103 3171 1163 3225 ἀκο-

161 3243 317 3315 δείκνυται]
340 3241 438 3296 τουτ’
430 3260 460 3294 1n
478 3239 665 3295 ἀποδέδεικτα
647 3262 678 3295 αι
700 3260 736 3297 m.
756 3258 810 3296 rec.
829 3243 862 3297 V.
955 3247 979 3297 7.
1000 3239 1163 3311 μείζωνοςε,

163 3316 212 3370 sed
232 3332 300 3369 corr.
383 3320 425 3367 11
445 3313 485 3378 λζ’
500 3313 581 3382 va
653 3310 782 3384 κέντρον]
801 3331 837 3368 m
857 3328 910 3367 rec.
930 3313 964 3381 V,
989 3329 1079 3384 comp.
1098 3314 1162 3367 m.1.

198 3393 240 3441 12.
264 3382 358 3456 ἀγμω
345 3405 394 3454 ενη
413 3384 447 3453 V,
473 3383 522 3438 sed
542 3401 610 3438 corr
693 3389 734 3437 16.
759 3393 900 3439 ποιουσῶν
931 3393 1162 3439 σ-ῶνοοοπ.ω

163 3475 216 3513 ree.
236 3458 269 3512 V.
325 3405 462 3527 μΡοελτη
481 3473 535 3510 ras.
555 3455 645 3510 1116.
665 3455 698 3510 V.
782 3461 823 3509 17.
847 3464 903 3509 τῶν
935 3454 990 3510 del.
1010 3474 1047 3511 m.
1066 3450 1160 3515 ναοί,

162 3546 219 3597 seq.
239 3545 293 3582 ras.
313 3526 404 3581 2116.
423 3545 449 3581 v.
528 3533 569 3581 18.
588 3526 652 3598 τήν]
672 3525 703 3580 τό
722 3544 748 3581 v,
831 3531 872 3580 22.
893 3528 988 3594 μεῖζον
1006 3545 1033 3583 v
1104 3519 1162 3592 Ar]
