2424 3944
433 148 603 199 EUOLIDIS
622 148 761 201 OPTIOA.
1059 142 1104 208 49

91 298 125 359 et
145 313 197 376 qr.
242 296 394 356 neutrum
422 312 499 377 ergo
528 312 640 354 eorum
667 295 755 355 secat
783 290 984 355 chilindrum.
1031 312 1104 354 con-

90 400 226 486 tingunt
250 398 336 463 enim
359 403 393 462 et
415 398 457 462 cb
485 400 518 460 et
540 398 584 480 dy
607 400 640 460 et
662 397 700 461 be
723 401 756 460 et
776 416 827 478 92.
872 396 1002 460 uidetur
1024 417 1103 481 ergo

90 507 153 571 sub
173 506 218 570 bc
239 510 272 570 et
295 506 339 587 dy
361 505 402 586 by
426 502 555 587 quidem
578 502 685 567 minus
710 502 921 567 semicirculo,
958 501 1103 566 adhunc

90 617 204 678 autem
226 613 359 678 modum
382 615 414 675 et
437 609 544 674 minus
566 608 816 673 hemichilindro
840 612 982 692 apparet.

161 719 188 784 si
216 718 342 783 duobus
371 716 472 782 oculis
496 715 672 780 chilindrus
696 715 857 799 uideatur,
887 714 1105 796 manifestum,
1141 723 1158 773 5

91 825 248 910 quoniam
272 824 363 889 etin
385 845 423 888 eo
448 822 651 909 contingunt,
675 844 756 905 quae
780 823 815 886 in
838 843 939 906 spera.

159 1021 242 1086 Esto
266 1018 413 1103 circulus,
436 1017 528 1083 cuius
552 1019 595 1082 sit
618 1022 765 1083 centrum
787 1038 821 1100 a,
843 1038 921 1080 uero
946 1016 990 1080 sit
1013 1021 1107 1080 extra

89 1125 182 1216 sit1r,
205 1131 237 1191 et
257 1125 473 1211 coniungatur
492 1145 544 1210 aa,
566 1125 766 1189 attrahatur
784 1146 804 1186 a
821 1128 942 1207 puncto
958 1145 979 1187 a
997 1127 1104 1188 rectae

89 1255 136 1300 aa
164 1231 339 1322 adtractus
365 1232 401 1295 in
426 1236 564 1315 utraque
589 1233 643 1314 cd.
690 1253 727 1294 ea
755 1251 832 1314 ergo
852 1231 901 1312 qd
927 1229 1105 1294 diametrus

89 2647 142 2708 est
166 2642 286 2707 circuli.
333 2648 366 2708 et
389 2643 591 2708 describatur
614 2643 698 2708 circa
721 2663 763 2709 aa
786 2642 925 2709 circulus
948 2645 1048 2730 abac,
1071 2649 1160 2710 et10

90 2749 333 2835 coniungantur
360 2750 417 2835 cb,
440 2750 493 2835 br,
519 2771 569 2835 rc,
593 2771 641 2815 eu.
694 2750 805 2835 itaque
832 2751 872 2816 cb
904 2756 936 2816 et
963 2773 1001 2818 re
1029 2775 1105 2818 con-

89 2856 236 2942 tingunt,
255 2856 408 2939 quoniam
428 2855 557 2941 quidem
576 2856 632 2940 qui
651 2857 691 2920 ad
709 2856 765 2942 b,e
782 2862 903 2941 puncta
922 2864 998 2923 sunt
1015 2860 1106 2926 recti.

91 2962 248 3046 quoniam
272 2984 349 3048 ergo
373 2964 414 3027 ab
438 2962 548 3046 aliquo
571 2967 692 3048 puncto
715 2963 867 3029 uidelicet
889 2986 907 3031 r
930 2967 971 3030 ad
994 2966 1107 3031 circuli

89 3068 280 3153 periferiam
303 3069 454 3134 accidunt
476 3069 559 3134 radii
582 3071 634 3155 br,
656 3090 707 3154 ae,
733 3091 810 3155 ergo
834 3071 873 3136 be
894 3095 970 3156 pars
994 3073 1105 3137 circuli

91 3175 267 3239 uidebitur.
320 3181 371 3240 est
399 3180 507 3240 autem
532 3177 623 3258 qbed
648 3177 879 3243 semicirculus,
930 3178 1040 3264 itaque
1068 3180 1106 3245 bc
1125 3194 1161 3243 15

167 3373 191 3421 3.
212 3368 260 3439 by]
280 3369 334 3438 bc'q
352 3369 389 3422 D.
456 3374 478 3423 7.
499 3385 565 3422 uero
585 3367 634 3440 sit]
653 3386 703 3424 scr.
722 3373 842 3437 punctus
862 3387 936 3426 uero.
996 3377 1020 3426 8.
1041 3389 1106 3427 con-

90 3438 251 3508 iungantur
268 3440 307 3494 D.
385 3440 814 3520 12.ad]p0strcs.1uc.1).
891 3443 1009 3514 puncta]
1028 3447 1105 3515 pta,

89 3527 180 3580 supra
198 3528 217 3579 p
235 3527 300 3577 raa,
318 3511 356 3564 D.
428 3511 511 3582 rectr]
531 3528 598 3566 corr.
618 3529 652 3566 erc
669 3513 745 3565 recte
763 3514 801 3567 D.

147 3609 300 3662 Euclides,
316 3609 367 3650 edd.
381 3609 483 3661 Heiberg
498 3613 520 3650 ct
534 3611 624 3661 Menge.
643 3611 695 3652 VII.
930 3609 948 3656 4
