2424 3944
123 186 186 252 188
331 187 539 241 ochRUM
557 184 735 237 αωοωαειο
752 182 919 235 τωοοατο.

121 335 280 415 ἤχθωσαν
303 329 340 396 δὲ
363 331 426 395 άπὸ
449 340 517 394 τῶν
540 333 579 412 Β,
599 332 630 393 Γ
647 326 803 412 ὀμμάτων
824 324 904 390 καθ’
924 324 962 390 ἓν
986 323 1132 408 ἐφαπτό-

121 462 216 523 μεναι
239 441 276 503 αί
296 443 374 520 ΒΖ,
394 441 463 502 ΓΝ
486 434 541 500 καὶ
568 431 840 519 συμπιπτέτωσαν
862 431 1022 516 ἀλλήλαις
1049 432 1133 496 κατά

122 543 547 629 τὸΘ·συμττεσοῦνταιχάρ,
822 585 851 635 Θ

122 652 295 736 ἐπειδήπερ
322 652 436 715 άνισοί
462 652 547 714 εἰσιν

87 761 143 843 οῆ
174 782 209 823 τε
241 761 306 822 ΓΒ
344 755 400 822 καὶ
437 757 458 840 ἡ
490 766 548 840 τῆς

122 868 268 950 σφαίρας
277 864 460 949 διάμετρος.
474 863 548 927 οὐκ·

123 969 548 1052 mffmme

144 1080 239 1160 μείου
260 1079 525 1161 προσπίπτουσαι

123 1183 206 1267 πρὸς
221 1184 283 1266 τὴν
296 1192 444 1266 σφαῖραν
457 1183 547 1245 ἔλατ-

71 1301 182 1353 1οτον
212 1287 432 1372 ἡμισφαιρίου
461 1307 549 1371 περι·

123 1396 297 1476 λήψονται·
312 1396 350 1459 τὸ
364 1395 428 1479 άρα
442 1398 553 1458 ΖΗΝ

145 1503 285 1566 ἔλασσον
307 1499 526 1584 ἡμισφαιρίου

123 1607 222 1672 ἐστίν.
254 1607 336 1671 ὥστε
351 1607 388 1670 τὸ
402 1605 468 1670 ὑπὸ
482 1617 549 1669 τῶν

124 1717 167 1797 Β,
193 1716 226 1777 Γ
247 1711 402 1797 ὀμμάτων
430 1712 549 1796 ὁρώμε-

72 1834 105 1881 15
123 1842 185 1884 νον
209 1821 350 1884 ἔλασσον
372 1817 414 1882 άν
438 1824 488 1900 εἴη
511 1816 740 1905 ἡμισφαιρίου.

183 2091 187 2098 .
597 2038 660 2097 κη·

189 2137 382 2221 Κυλίνθρου
406 2137 560 2202 ὁπωσοῦν
582 2136 752 2223 ὁρωμένου
774 2137 840 2203 ὑπὸ
858 2146 918 2203 τοῦ
937 2135 1013 2215 ἑνὸς
1030 2140 1128 2223 ὄμμα-

123 2265 179 2318 τος
201 2245 336 2307 ἔλαττον
358 2241 598 2329 ἡμικυλίνδρου
622 2245 815 2329 ὀφθήσεται.

189 2351 271 2414 ἔστω
299 2350 362 2434 γάρ
390 2352 571 2436 κυλίνδρου
602 2360 662 2416 τοῦ
689 2349 765 2436 περὶ
791 2352 852 2434 τὴν
879 2350 979 2434 βάσιν
1007 2352 1129 2415 κύκλον

70 2469 104 2518 20
122 2452 261 2540 κέντρον
282 2457 319 2520 τὸ
335 2458 377 2539 Κ,
401 2454 456 2520 καὶ
475 2454 538 2521 ἀπὸ
556 2466 616 2521 τοῦ
634 2461 673 2522 Ν
692 2458 835 2541 ὄμματος
852 2457 947 2540 ἤχθω
967 2454 1022 2521 ἐπὶ
1044 2457 1083 2521 τὸ
1101 2458 1132 2521 K

122 2560 142 2643 ἡ
162 2565 243 2645 ΝΚ,
265 2559 320 2626 καὶ
343 2563 399 2626 διὰ
422 2571 482 2628 τοῦ
504 2566 540 2627 Κ
557 2563 640 2647 πρὸς
663 2563 769 2648 ὀρθάς
792 2562 874 2647 αὐτῇ
896 2563 992 2646 ἤχθω
1016 2561 1037 2644 ἡ
1061 2564 1130 2645 ΒΓ,

122 2665 198 2752 περὶ
221 2665 257 2731 δὲ
280 2669 340 2751 τὴν
358 2672 433 2733 ΚΝ
451 2669 571 2745 κύκλος
593 2669 786 2754 γεγράφθω,
807 2666 864 2732 καὶ
882 2667 1131 2752 ἐπεζεύχθωσαν

123 2776 160 2838 αί
180 2778 263 2856 ΝΖ,
287 2778 366 2857 ΖΚ,
388 2779 471 2857 ΝΛ,
493 2777 572 2839 AK.
618 2775 741 2840 οὐκοῦν
768 2772 871 2860 ὀρθαὶ
898 2775 935 2838 αί
957 2775 1041 2860 πρὸς
1064 2785 1131 2851 τοῖς

124 2885 161 2964 Ζ,
175 2885 220 2944 A·
243 2879 322 2945 καθ’
343 2881 380 2945 ἓν
402 2883 467 2966 άρα
490 2881 690 2965 ἐφάπτονται
713 2882 750 2945 αί
767 2885 844 2969 ΖΝ,
862 2885 940 2965 ΝΔ,
962 2878 1020 2946 καὶ
1043 2882 1082 2946 αἵ
1097 2904 1131 2964 χε

70 3001 104 3049 25
123 2985 187 3051 άπὸ
212 2995 272 3050 τοῦ
290 2991 330 3051 Ν
348 2989 491 3071 ὄμματος
514 2991 693 3073 φερόμεναι
716 2986 845 3063 ἀκτῖνες
866 2987 949 3051 κατά
970 2988 1032 3064 τὰς
1053 2991 1131 3070 ΝΖ,

122 3096 191 3157 NA
209 3103 399 3158 πεσοῦνται·
425 3095 507 3159 ὥστε
526 3096 562 3159 τὸ
578 3098 680 3158 ΖΛΔ
697 3096 802 3178 μόνον
821 3092 1017 3178 ὀφθήσεται.
1049 3093 1132 3160 ἀλλὰ

123 3200 159 3262 τὸ
184 3204 278 3264 ZAA
305 3202 440 3266 ἔλαττόν
467 3199 534 3266 ἐστι
561 3209 621 3265 τοῦ
645 3203 738 3265 ΓΛΒ
766 3201 975 3285 ἡμικυκλίου·
1008 3201 1046 3266 τὸ
1070 3202 1132 3287 άρα

124 3309 218 3369 ΖΛΔ
232 3309 372 3371 ἔλασσον
385 3308 580 3392 ἡμικυκλίου
595 3306 790 3391 ὀφθήσεται,
803 3303 974 3370 τουτέστιν
988 3306 1008 3372 ὁ
1022 3307 1132 3373 κύλιν-

194 3469 218 3516 4.
240 3462 389 3531 ἐπειδήπερ
405 3494 437 3503 -
453 3469 477 3517 6.
497 3462 654 3535 διάμετρος]
673 3465 741 3518 mut.
760 3481 796 3518 m.
814 3479 868 3518 rec.
888 3462 918 3516 in
937 3463 1037 3534 ἐπειδὴ
1056 3462 1131 3519 ἐλάσ-

124 3550 179 3588 σων
198 3533 272 3588 ἐστὶν
290 3533 308 3604 ἡ
324 3539 379 3587 ΒΓ
394 3542 442 3603 τῆς
456 3533 606 3603 διαμέτρου
624 3544 673 3606 τῆς
687 3532 809 3604 σφαίρας
827 3535 859 3589 V.
918 3539 960 3589 19.
980 3537 1045 3608 τοῦ]
1065 3552 1124 3590 corr
