2424 3944
112 147 176 211 100
450 145 621 198 EUOLIDIS
640 143 779 199 OPTIOA.

585 351 647 412 με.

168 451 262 517 ’Ἐστι
281 476 331 527 τις
349 453 449 526 τόπος
466 454 587 535 κοινός,
612 448 671 534 ἀφ’
688 447 729 517 οὗ
747 453 788 516 τοὶ
806 452 906 516 ὄνισα
924 448 1049 536 μεγέθη
1069 455 1126 514 ίσα

112 563 274 643 φαίνεται.

179 668 261 730 ἔστω
286 665 348 748 γὰρ
373 668 492 748 μείζων
514 663 535 747 η
554 668 623 730 ΒΓ
640 675 697 749 της
717 669 786 748 ΓΔ,
810 662 959 749 καὶπερὶ
981 660 1042 749 μέν
1064 665 1129 747 τὴν

77 782 92 830 5
112 775 181 836 ΒΓ
198 773 307 855 μεῖζον
330 770 527 855 ἡμικυκλίου
551 781 660 856 τμῆμα
682 771 880 858 γεγράφθω,
906 768 980 855 περὶ
1005 767 1042 834 δὲ
1064 772 1129 854 τὴν

114 882 175 943 ΓΔ
198 878 314 961 ὄμοιον
338 887 383 964 τῷ
406 876 482 962 περί
505 879 566 961 την
590 882 662 962 ΒΓ,
687 876 837 943 τουτέστι
860 879 1039 963 δεχόμενον
1062 901 1129 960 γω-

112 988 189 1049 νίαν
217 989 293 1066 ίσην
316 993 355 1068 τῇ
382 984 485 1071 ἐντῷ

114 1095 143 1154 Β
150 1093 219 1154 ΖΓ.
251 1099 407 1173 τεμοῦσιν
421 1091 486 1176 ὄηα

114 1199 239 1280 ὄλληλα
266 1197 306 1260 τύ
328 1198 485 1280 τμηματα.

62 1314 96 1363 10
114 1301 320 1388 τεμνέτωσαν
344 1304 486 1368 κατὰτὸ

117 1415 155 1494 Ζ,
168 1408 224 1475 καὶ
238 1409 487 1493 ἐπεζεύχθωσαν

115 1518 153 1582 ιι
190 1521 267 1600 το,
305 1519 380 1600 ΖΓ,
418 1521 487 1581 ΖΛ.

116 1624 240 1689 οὐκοῦν
295 1621 364 1688 ἐπεὶ
420 1629 488 1688 ίσαι

117 1729 202 1796 είσίν
220 1732 258 1794 αί
275 1729 311 1794 έν
330 1741 400 1805 τοῖς
418 1729 544 1814 ὁμοίοις
562 1731 705 1814 τμήμασι
729 1731 847 1809 γωνίαι
870 1726 1037 1808 ἀλλήλαις,
1061 1730 1133 1789 ίσαι

66 1846 99 1894 15
118 1835 181 1902 είσί
203 1834 259 1901 καί
282 1837 320 1901 αί
340 1835 376 1901 έν
399 1849 468 1912 τοῖς
487 1839 593 1920 ΒΖΓ,
613 1837 708 1900 ΓΖΛ
730 1835 873 1918 τμήμασι
894 1836 1012 1916 γωνίαι
1032 1830 1133 1914 ἀλλή-

119 1948 199 2019 λαις.
243 1943 283 2007 τὰ
307 1940 343 2007 δὲ
365 1942 431 2008 ὑπὸ
456 1949 538 2022 ίσων
559 1953 693 2026 γωνιῶν
716 1940 866 2027 ὁρώμενα
890 1945 945 2003 ίσα
968 1941 1134 2022 φαίνεται.

118 2058 178 2114 τοῦ
197 2051 261 2133 ὄρα
280 2051 424 2133 ὄμματος
437 2048 614 2133 τιθεμένου
639 2046 692 2113 ἐπὶ
714 2057 774 2112 τοῦ
799 2052 826 2111 Ζ
850 2049 986 2130 σημείου
1012 2051 1065 2129 ίση
1091 2045 1135 2111 ὄλν

120 2158 273 2239 φαίνοιτο
297 2155 317 2238 ἡ
341 2158 410 2219 ΒΓ
432 2165 470 2241 τῇ
495 2159 564 2220 ΓΛ.
610 2158 678 2220 ἔστι
707 2151 743 2219 δὲ
770 2157 895 2238 μείζων.
951 2155 1041 2217 ἔστιν
1069 2154 1135 2239 ὄρα

120 2263 220 2338 τόπος
241 2263 367 2345 κοινός,
391 2260 450 2346 ἀφ’
472 2257 512 2328 οὗ
535 2262 575 2326 τίι
598 2264 696 2327 ὄνισα
719 2259 843 2345 μεγέθη
869 2266 923 2325 ίσα
946 2263 1112 2344 φαίνεται.

68 2448 102 2498 20
596 2438 662 2524 μς’.

188 2561 266 2628 Εἰσί
290 2565 396 2647 τόποι,
420 2561 473 2648 ἐφ’
495 2563 554 2640 οὓς
577 2573 636 2628 τοῦ
656 2566 799 2649 ὄμματος
817 2560 1076 2648 μετατιθεμένου
1096 2562 1137 2626 τὰ

124 2676 178 2734 ίσα
201 2668 326 2753 μεγέθη
353 2668 409 2735 καὶ
432 2670 514 2756 πρὸς
537 2669 643 2757 ὀρθὰς
666 2672 746 2736 ὄντα
769 2679 814 2757 τῷ
837 2666 1041 2755 ὑποκειμένῳ
1066 2667 1137 2733 ἐπι-

122 2773 210 2864 πέδῳ
234 2772 314 2841 ποτὲ
336 2774 397 2861 μὲν
422 2783 486 2860 ίσα,
508 2773 587 2841 ποτέ
610 2774 647 2841 δὲ
670 2778 768 2841 ὄνισα
791 2779 953 2860 φαίνεται.

190 2885 272 2947 έστω
298 2888 352 2947 ίσα
375 2882 499 2967 μεγέθη
523 2884 563 2947 τοὶ
581 2888 658 2967 ΑΒ,
677 2887 739 2947 ΓΛ
760 2884 843 2968 πρὸς
866 2881 972 2968 ὀρθὰς
991 2883 1072 2946 ὄντα
1091 2891 1139 2971 τῷ

70 2998 105 3048 25
123 2987 327 3076 ὑποκειμένῳ
352 2987 503 3076 ἐπιπέδῳ.
540 2987 635 3073 λέγω,
659 2990 709 3055 ὄτι
729 2992 796 3054 ἔστι
815 3013 865 3066 τις
882 2991 991 3072 τόπος,
1015 2983 1056 3053 οὗ
1076 2998 1139 3054 τοῦ

125 3095 269 3178 ὄμματος
287 3094 442 3173 τεθέντος
460 3097 499 3161 τὰ
516 3101 548 3159 Α
553 3100 592 3180 Β,
608 3100 668 3161 ΓΛ
688 3102 742 3160 ίσα
756 3100 918 3180 φαίνεται.
951 3094 1140 3180 ἐπεζεύχθω

200 3294 222 3342 1.
243 3288 301 3360 με’]
322 3306 375 3344 om.
395 3306 420 3358 v,
444 3288 491 3347 ις’
506 3288 539 3358 V,
563 3288 610 3343 νὸ’
626 3306 661 3343 m.
682 3295 697 3341 2
716 3289 780 3343 Vat.
858 3294 882 3343 4.
902 3288 965 3360 τήν]
984 3297 1039 3343 τῶν
1058 3307 1087 3359 v,
1113 3292 1144 3344 et

126 3358 200 3426 ναί,
220 3375 288 3414 corr.
308 3379 344 3414 m.
360 3366 384 3414 2.
457 3365 481 3415 ὅ.
501 3361 605 3431 μεῖζον]
625 3377 693 3414 corr.
708 3376 742 3413 ex
761 3356 858 3429 μείζων
877 3378 913 3414 m.
933 3366 948 3413 2
968 3360 1001 3414 V.
1076 3361 1144 3430 ἡμι-

127 3429 241 3485 κύκλιον
259 3430 334 3500 Vat.,
355 3447 442 3499 comp.
462 3449 487 3486 v.
570 3439 594 3486 8.
614 3432 712 3503 ΒΖΓ]
732 3449 757 3500 v,
777 3450 812 3486 m.
834 3436 848 3484 1
867 3430 946 3499 λίπα,
971 3434 1052 3485 ΒΓΖ
1070 3431 1143 3503 Vm,

96 3517 164 3573 ἀι.
183 3506 198 3553 2
218 3501 282 3556 vat.
356 3501 423 3573 ἄρα]
444 3518 497 3557 om.
511 3503 607 3558 Vahv.
683 3508 722 3557 10.
742 3499 861 3571 τεμνέτω
879 3503 953 3572 Vah,
973 3519 1041 3558 corr.
1061 3521 1101 3560 m.
1119 3511 1144 3560 2.

65 3592 167 3716 k
