2424 3944
398 155 568 207 susurrus
588 155 724 208 ornei.
1023 154 1066 218 63

51 300 210 386 quoniam
233 320 311 384 ergo
334 297 478 382 aequalis
501 318 544 362 νο
567 297 606 383 ei,
629 319 709 382 quae
733 303 783 363 est
805 319 863 383 ομ,
886 299 1065 363 communis

51 431 135 473 uero
159 408 215 492 ub,
243 410 276 470 et
300 404 411 490 anguli
433 404 529 489 recti,
555 404 643 468 basis
666 404 769 490 igitur
791 405 831 470 ba
853 405 925 469 basi
947 406 989 487 by
1016 408 1066 468 est

52 513 212 598 aequalis,
234 517 268 578 et
290 511 346 595 qui
369 511 454 576 circa
477 511 571 574 bases
590 510 700 595 anguli
719 509 875 593 aequales.
913 531 990 595 ergo
1010 510 1066 593 qui

52 621 117 685 sub
140 619 189 704 ab,
208 620 252 683 bu
273 618 412 703 angulus
436 616 555 701 angulo
577 616 635 703 qui
658 617 718 681 sub
742 617 799 700 ab,
822 617 870 699 dp.
917 616 1067 681 similiter

52 732 88 793 el
110 727 176 792 aba
199 726 337 810 angulus
361 724 481 810 angulo
504 724 580 788 aba
627 722 738 806 etqui
762 743 839 808 ergo
863 723 1069 808 subpb,bd
1103 737 1119 788 5

52 831 201 916 aequalis
224 836 274 896 est
298 832 418 917 angulo
442 830 498 914 qui
521 831 581 894 sub
605 830 652 915 eb,
674 830 723 895 ba.
763 831 820 894 sed
843 831 903 894 sub
929 830 1068 915 aequali-

52 939 117 1004 bus
136 937 266 1024 angulis
283 937 355 1002 uisa
369 937 517 1022 aequalia
531 941 696 1022 apparent.
729 937 871 1020 aequalis
887 958 963 1023 ergo
978 942 1067 1002 recta

49 1047 100 1130 qd
121 1048 228 1109 reclae
251 1064 296 1110 ea.

127 1155 161 1216 et
192 1151 219 1215 si
256 1172 337 1234 quae
370 1172 389 1213 a
421 1153 532 1214 centro
565 1150 663 1214 ducta
697 1173 764 1215 non
793 1151 1067 1236 perpendicularis

53 1257 157 1323 fuerit
180 1257 329 1342 ebipedc,
361 1255 504 1339 aequalis
532 1277 610 1320 uero
638 1257 668 1320 ei
698 1279 779 1340 quae
803 1280 823 1321 a
846 1261 971 1342 cenlrn,
1003 1258 1067 1322 dia·
1086 1275 1120 1323 10

53 1365 152 1429 metri
176 1385 287 1428 omnes
311 1363 460 1446 aequales
485 1368 648 1447 apparent.

122 1475 193 1535 esto
217 1469 356 1534 circulus
379 1469 484 1553 ubal,
516 1473 549 1532 el
577 1469 749 1533 trahantur
774 1469 811 1533 in
833 1491 871 1533 eo
899 1469 979 1534 duae
1003 1471 1068 1536 dia·

52 1577 152 1643 metri
175 1577 228 1662 ub,
247 1578 307 1661 qd,
330 1579 362 1639 et
386 1575 430 1639 sic
453 1579 542 1639 recta
564 1575 605 1639 ab
629 1596 645 1639 c
667 1579 789 1658 puncto
813 1576 924 1661 ducta,
945 1577 981 1640 in
1004 1600 1067 1662 qua

53 1684 168 1750 oculus
192 1682 318 1766 positus
338 1686 388 1746 est
410 1702 436 1767 a,
458 1703 524 1745 ncn
542 1680 825 1766 perpendicularis,
849 1683 905 1746 sed
923 1683 1067 1766 aequalis

54 1790 231 1873 unicuique
250 1810 370 1875 earum,
388 1810 470 1872 quae
489 1811 508 1851 a
527 1791 649 1872 centrq
666 1787 816 1852 uidelicet
835 1809 881 1874 ea,
899 1791 932 1853 el
951 1790 1066 1854 ducan-
1086 1805 1120 1854 15

54 1901 111 1962 tur
133 1896 216 1961 radii
237 1916 295 1980 να,
317 1916 371 1980 29,
393 1895 446 1979 rb,
468 1895 519 1960 ad.
566 1894 718 1977 quoniam
746 1916 823 1981 ergo
849 1896 992 1979 aequalis
1017 1900 1067 1960 est

52 2005 224 2070 derectae
247 2022 298 2088 ea,
325 2001 382 2067 sed
409 2005 442 2066 el
465 2022 507 2065 οα
532 2005 640 2065 reciae
667 2020 705 2066 ea
732 2001 888 2087 aequalis,
915 2001 975 2066 hae
999 2007 1066 2067 tres

52 2130 132 2196 ergo
156 2117 211 2194 ue,
233 2129 270 2175 ea
298 2113 331 2173 et
352 2109 390 2173 cb
418 2107 568 2193 aequales
591 2110 676 2171 sunl.
722 2107 757 2170 in
780 2129 817 2171 eo
841 2129 919 2194 ergo
942 2131 1000 2192 per
1023 2111 1066 2174 ab

52 2221 86 2281 el
113 2236 153 2282 ον
180 2215 315 2300 ebipedc
348 2214 529 2299 descriptus
562 2213 782 2279 semicirculus
816 2214 901 2279 circa
927 2217 969 2280 ab
1001 2216 1067 2280 dia-

51 2327 196 2388 metrum
222 2321 333 2386 ueniet
357 2343 415 2405 per
437 2341 455 2386 ν
481 2324 647 2404 punctum.
692 2324 800 2384 rectus
824 2341 902 2407 ergo
926 2322 981 2405 qui
1005 2324 1065 2388 sub
1084 2338 1119 2387 νο

51 2427 215 2496 cantab
238 2428 386 2513 angulus.
432 2426 583 2491 simililer
606 2429 639 2489 el
662 2426 718 2509 qui
742 2426 802 2490 sub
822 2447 874 2510 qa,
891 2429 936 2492 ad
957 2432 1064 2492 rectus

125 2663 150 2712 1.
170 2653 295 2710 comunis
314 2656 352 2709 D.

50 2877 74 2926 A
93 2872 197 2939 postea
215 2869 289 2939 add„
309 2874 357 2922 ΒΔ
376 2883 392 2922 e
410 2884 478 2922 corr.
493 2867 526 2922 V.
598 2867 629 2938 ἡ]
649 2866 674 2920 εἰ
691 2885 716 2921 v.
788 2867 855 2938 τῶν]
875 2867 1064 2924 om:Val.¹m.

85 2942 155 3067 HV
175 2946 196 2994 Β
216 2957 285 2995 eras.
296 2940 329 2994 V.
385 2940 445 3011 ΒΔ]
465 2944 487 2993 Β
507 2937 644 3007 del.Vat.,
664 2944 689 2992 Δ
707 2937 827 2992 Vat.¹m.
889 2944 911 2992 7.
926 2947 981 2993 τῶν
992 2940 1064 3010 (pr.)]
1120 2985 1121 2989 ,

50 3030 107 3068 om.
155 3013 251 3067 at.¹m.
316 3011 380 3082 ΕΒ]
400 3015 422 3064 Β
441 3009 494 3065 del.
514 3010 547 3065 V.
612 3009 674 3080 BZ]
694 3013 716 3062 Β
736 3008 789 3063 del.
808 3008 882 3078 Van,
904 3009 1064 3065 ZVat.¹m.

85 3093 145 3139 τῶν
155 3082 239 3154 (all.)]
255 3099 308 3137 om.
318 3081 533 3136 Vat.Vat.²vm.
590 3086 613 3135 9.
628 3080 678 3133 ld'
694 3079 727 3147 V,
746 3079 786 3144 λζ’
801 3084 864 3133 m.2
879 3080 943 3134 Vat.
998 3080 1065 3152 κᾶν]

49 3153 105 3210 ἐάν
123 3172 161 3208 m.
231 3159 272 3208 13.
292 3153 322 3225 ἡ]
342 3170 396 3208 om.
415 3170 440 3206 r.
511 3157 551 3206 14.
571 3149 748 3219 ἀναγόμενον
767 3168 793 3205 r.
862 3157 902 3206 17.
925 3155 977 3205 ΖΕ
1012 3156 1067 3206 ΕΖ

48 3227 185 3282 Vanum.
277 3230 318 3278 21.
339 3223 383 3293 ἴση
405 3220 549 3348 lurl]Vom.
569 3223 664 3276 Vana
748 3222 812 3292 EZ]
832 3225 886 3276 ΕΖ
904 3221 949 3293 ἴση
994 3226 1064 3279 μιν.

87 3303 132 3352 22.
155 3299 217 3363 ΕΖ,
236 3296 300 3366 EA]
319 3298 449 3362 AE,EZ
494 3296 563 3349 aar.
637 3289 803 3348 clclVat.v.
886 3300 928 3350 23.
948 3293 1012 3364 περί
1031 3326 1064 3334 -

47 3374 92 3424 24.
121 3366 273 3438 ἐλεύσεται]
297 3365 477 3435 γραφόμενον
499 3365 664 3436 ἡμικύκλιον
683 3365 761 3432 (corr.
782 3380 815 3417 ex
833 3361 880 3437 -ίῳ
897 3384 933 3421 m.
954 3373 969 3420 2
989 3367 1065 3436 vac.)

46 3438 117 3507 περὶ
134 3437 188 3507 τὴν
202 3443 224 3490 A
230 3442 251 3491 Β
271 3436 421 3506 διάμετρον
439 3436 500 3508 ἣξει
517 3433 566 3491 καί
583 3436 679 3490 Vaur.
734 3439 777 3490 26.
796 3436 863 3507 τῶν]
879 3454 931 3492 om.
943 3438 1063 3494 Val.¹m.

83 3513 150 3578 ΑΖ,
166 3510 226 3581 ΖΒ]
245 3512 323 3564 ΑΖΒ
341 3508 462 3564 Vat.¹m.
537 3508 597 3579 ZB]
619 3512 640 3561 Z
658 3522 728 3560 eras.
747 3505 781 3562 V.
