2424 3944
485 181 716 234 carcrrrucs.
1039 175 1104 239 323

572 361 624 424 22.

157 469 198 533 In
221 467 360 553 speculis
384 467 537 533 conuexis
561 465 779 530 aminoribus
804 464 942 549 speculis
962 464 1102 528 minores

90 578 247 659 adparent
269 574 438 660 imagines.

158 682 203 746 sit
226 681 363 764 sphaera
390 680 493 745 maior
516 687 548 744 A
555 682 595 765 Γ,
622 678 729 743 minor
756 682 866 742 autem
888 680 956 741 EA
983 675 1104 741 circum

89 790 177 854 idem
201 792 349 852 centrum
374 791 403 850 Θ
424 786 563 870 positae,
587 785 699 850 oculus
723 788 832 848 autem
857 783 900 846 sit
922 786 966 865 B,
994 786 1027 846 et
1050 783 1105 846 du-

90 900 184 961 catur
202 896 328 978 ΒΑΘ,
360 897 392 957 et
418 915 437 955 a
460 893 598 977 sphaera
629 891 828 976 refringatur
859 889 969 954 radius
998 891 1101 953 ΒΓΔ.

800 996 882 1080 dico,
896 995 1033 1080 radium,
1047 994 1103 1078 qui

800 1103 953 1166 aminore
966 1101 1104 1185 sphaera

799 1209 839 1272 ad
850 1214 883 1272 Λ
896 1208 1106 1293 refringatur,

798 1336 901 1399 neque
925 1336 983 1397 per
1005 1316 1037 1377 Γ
1056 1335 1105 1378 ca-

400 1405 430 1454 Θ
798 1422 872 1485 dere
888 1442 992 1504 neque
1012 1425 1103 1484 extra

799 1530 834 1591 Γ.
884 1514 975 1610 prius
1008 1526 1104 1610 enim,

798 1635 826 1697 si
868 1633 938 1697 fieri
983 1636 1103 1717 potest,

254 1660 333 1820 ,ιβ
545 1784 553 1800 κ
796 1762 854 1825 per
873 1743 905 1804 Γ
919 1740 1013 1804 cadat
1032 1743 1065 1802 et
1084 1761 1104 1801 a

248 1822 285 1922 s
366 1862 375 1877 ‘
536 1784 586 1933 N
798 1847 933 1930 sphaera
978 1845 1103 1909 minore

214 1877 365 2115 V
423 1800 651 2070 NR
798 1953 838 2016 ad
852 1957 886 2016 Δ
903 1950 1103 2036 refringatur

553 2116 557 2123 .
592 2038 681 2120 κλ,
798 2064 830 2123 ee
858 2058 901 2122 sa
924 2062 1042 2142 ΒΕΔ,
1070 2062 1103 2122 ec

629 2149 652 2196 Ζ
682 2114 748 2262 ΧΑ
797 2189 817 2230 a
850 2170 879 2230 Θ
911 2167 952 2229 ad
984 2168 1017 2229 Γ
1049 2165 1104 2229 du-

797 2278 889 2338 catur
935 2275 1024 2336 recta
1070 2276 1103 2335 et

90 2377 131 2440 ad
163 2380 197 2439 K
230 2377 434 2460 producatur.
491 2380 592 2442 ΘΓΚ
623 2377 725 2463 igitur
757 2379 912 2463 angulum
939 2380 1036 2441 ΒΓΑ
1067 2377 1104 2439 in

90 2484 170 2547 duas
193 2487 302 2567 partes
329 2483 478 2567 aequales
506 2484 644 2568 secabit,
677 2484 752 2568 quia
775 2487 872 2548 ΒΓΑ
899 2487 1032 2567 propter
1055 2504 1102 2545 re-

89 2589 283 2654 fractionem
302 2589 449 2672 aequales
470 2589 606 2674 angulos
627 2591 667 2653 ad
682 2590 840 2654 ambitum
856 2589 964 2655 efficit.
991 2589 1101 2652 eadem
1171 2667 1174 2674 Ι

90 2701 200 2760 autem
223 2696 261 2759 de
285 2717 381 2760 causa
400 2695 499 2759 etiam
516 2700 606 2760 recta
624 2718 643 2757 a
664 2700 693 2760 Θ
715 2695 754 2759 ad
775 2700 807 2759 E
827 2696 925 2761 ducta
942 2695 1102 2780 producta

89 2802 246 2888 angulum
264 2806 366 2867 ΒΕΔ
388 2802 423 2865 in
446 2802 525 2866 duas
544 2805 653 2886 partes
673 2803 822 2886 aequales
845 2801 975 2867 secabit.
1014 2806 1101 2866 secet

89 2913 124 2973 et
143 2907 186 2972 sit
207 2913 310 2973 ΘΕΖ.
350 2909 502 2992 quoniam
526 2911 658 2984 [ΒΓΑ
672 2921 705 2982 >
722 2914 831 2995 ΒΕΔ,
854 2909 916 2974 erit
939 2909 1038 2973 etiam
1056 2908 1102 2972 di·

89 3015 208 3079 midius
219 3014 352 3078 dimidio
362 3015 473 3098 maior,
486 3015 518 3078 h.
527 3038 552 3079 e.
564 3020 585 3091 l,
595 3018 697 3079 ΒΓΚ
704 3026 738 3089 >
749 3021 815 3081 ΒΕ
819 3021 855 3081 Ζ.
878 3038 992 3079 uerum
1002 3014 1100 3079 etiam

89 3122 196 3185 minor
220 3125 284 3204 est3
314 3121 399 3204 quod
421 3121 492 3184 fieri
513 3143 582 3185 non
603 3126 721 3206 potest.
768 3143 845 3206 ergo
869 3122 977 3187 radius
1002 3143 1021 3184 a
1044 3120 1101 3184 mi-

89 3250 167 3292 nore
192 3227 329 3313 sphaera
351 3226 510 3291 refractus
532 3250 591 3312 per
615 3231 647 3292 Γ
664 3250 731 3292 non
753 3229 870 3292 ueniet.

92 2229 128 2285 B
352 2211 383 2263 K

89 3373 380 3380 -----.....-..,.--
384 3374 521 3381 ----,-.
528 3374 1098 3380 ....-.-—.——--——--.-——-—.

125 3457 207 3544 21Νὴ
227 3455 294 3527 ὄψις
312 3453 495 3525 ἀνακλωμένη
514 3475 550 3511 m.
614 3456 644 3528 ἡ]
664 3473 716 3512 om.
737 3457 827 3511 VMv.
890 3463 933 3511 22.
954 3454 1100 3519 ἐλάττονος

88 3547 126 3615 M,
149 3549 177 3599 ελ
195 3564 230 3600 m.

887 3636 940 3689 21*
