<?xml version="1.0" encoding="UTF-8"?>
<!DOCTYPE html PUBLIC "-//W3C//DTD XHTML 1.0 Transitional//EN"
    "http://www.w3.org/TR/xhtml1/DTD/xhtml1-transitional.dtd">
<html xmlns="http://www.w3.org/1999/xhtml" xml:lang="en" lang="en">
 <head>
  <title>
</title>
<meta http-equiv="Content-Type" content="text/html;charset=utf-8" />
  <meta name='ocr-system' content='tesseract 3.04.00' />
  <meta name='ocr-capabilities' content='ocr_page ocr_carea ocr_par ocr_line ocrx_word'/>
</head>
<body>
  <div class='ocr_page' id='page_1' title='image "./euclidisoperaom01unkngoog_0231.png"; bbox 0 0 2424 3944; ppageno 0'>
   <div class='ocr_carea' id='block_1_1' title="bbox 141 170 945 236">
    <p class='ocr_par' dir='ltr' id='par_1_1' title="bbox 141 170 945 236">
     <span class='ocr_line' id='line_1_1' title="bbox 141 170 945 236; baseline -0.016 0"><span class='ocrx_word' id='word_1_1' title='bbox 141 170 204 236; x_wconf 90' lang='lat'><strong><em>168</em></strong></span> <span class='ocrx_word' id='word_1_2' title='bbox 351 172 562 226; x_wconf 74' lang='grc' dir='ltr'><strong><em>οΡιιοοεωι</em></strong></span> <span class='ocrx_word' id='word_1_3' title='bbox 580 170 759 223; x_wconf 68' lang='lat' dir='ltr'><strong>mommo</strong></span> <span class='ocrx_word' id='word_1_4' title='bbox 777 170 945 223; x_wconf 75' lang='grc' dir='ltr'><strong><em>Τοοοωιε.</em></strong></span> 
     </span>
    </p>
   </div>
   <div class='ocr_carea' id='block_1_2' title="bbox 104 310 1161 933">
    <p class='ocr_par' dir='ltr' id='par_1_2' title="bbox 104 310 1161 933">
     <span class='ocr_line' id='line_1_2' title="bbox 139 310 1156 401; baseline -0.004 -19"><span class='ocrx_word' id='word_1_5' title='bbox 139 318 176 382; x_wconf 89' lang='grc' dir='ltr'><strong><em>τὸ</em></strong></span> <span class='ocrx_word' id='word_1_6' title='bbox 200 321 246 401; x_wconf 99' lang='lat' dir='ltr'><strong><em>A,</em></strong></span> <span class='ocrx_word' id='word_1_7' title='bbox 273 316 293 400; x_wconf 88' lang='lat' dir='ltr'><strong><em>A</em></strong></span> <span class='ocrx_word' id='word_1_8' title='bbox 317 313 354 382; x_wconf 77' lang='grc' dir='ltr'><strong><em>δέ</em></strong></span> <span class='ocrx_word' id='word_1_9' title='bbox 377 321 440 381; x_wconf 90' lang='grc' dir='ltr'><strong><em>ΒΖ</em></strong></span> <span class='ocrx_word' id='word_1_10' title='bbox 469 315 551 380; x_wconf 89' lang='grc' dir='ltr'><strong><em>κατά</em></strong></span> <span class='ocrx_word' id='word_1_11' title='bbox 574 315 610 380; x_wconf 90' lang='grc' dir='ltr'><strong><em>τὸ</em></strong></span> <span class='ocrx_word' id='word_1_12' title='bbox 634 319 682 380; x_wconf 90' lang='grc' dir='ltr'><strong><em>Μ.</em></strong></span> <span class='ocrx_word' id='word_1_13' title='bbox 729 312 798 379; x_wconf 82' lang='grc' dir='ltr'><strong><em>ἐπεὶ</em></strong></span> <span class='ocrx_word' id='word_1_14' title='bbox 826 310 889 380; x_wconf 86' lang='grc' dir='ltr'><strong><em>οὖν</em></strong></span> <span class='ocrx_word' id='word_1_15' title='bbox 913 314 951 380; x_wconf 88' lang='grc' dir='ltr'><strong><em>τὸ</em></strong></span> <span class='ocrx_word' id='word_1_16' title='bbox 974 317 1014 378; x_wconf 90' lang='grc' dir='ltr'><em>Η</em></span> <span class='ocrx_word' id='word_1_17' title='bbox 1038 322 1100 378; x_wconf 85' lang='grc' dir='ltr'><strong><em>τοῦ</em></strong></span> <span class='ocrx_word' id='word_1_18' title='bbox 1122 316 1156 378; x_wconf 91' lang='lat' dir='ltr'><strong><em>A</em></strong></span> 
     </span>
     <span class='ocr_line' id='line_1_3' title="bbox 138 413 1155 511; baseline -0.005 -21"><span class='ocrx_word' id='word_1_19' title='bbox 138 426 394 511; x_wconf 78' lang='grc' dir='ltr'><strong><em>μετεωρότερον,</em></strong></span> <span class='ocrx_word' id='word_1_20' title='bbox 417 424 454 487; x_wconf 89' lang='grc' dir='ltr'><strong><em>τὸ</em></strong></span> <span class='ocrx_word' id='word_1_21' title='bbox 478 419 514 486; x_wconf 75' lang='grc' dir='ltr'><strong><em>δὲ</em></strong></span> <span class='ocrx_word' id='word_1_22' title='bbox 538 426 569 486; x_wconf 94' lang='grc' dir='ltr'><em>Λ</em></span> <span class='ocrx_word' id='word_1_23' title='bbox 591 430 651 486; x_wconf 90' lang='grc' dir='ltr'><strong><em>τοῦ</em></strong></span> <span class='ocrx_word' id='word_1_24' title='bbox 674 426 728 505; x_wconf 91' lang='grc' dir='ltr'><strong><em>Μ,</em></strong></span> <span class='ocrx_word' id='word_1_25' title='bbox 751 418 824 486; x_wconf 78' lang='grc' dir='ltr'><strong><em>ἀλλ’</em></strong></span> <span class='ocrx_word' id='word_1_26' title='bbox 846 420 882 485; x_wconf 81' lang='grc' dir='ltr'><strong><em>έν</em></strong></span> <span class='ocrx_word' id='word_1_27' title='bbox 906 413 933 509; x_wconf 73' lang='grc' dir='ltr'><em>ᾧ</em></span> <span class='ocrx_word' id='word_1_28' title='bbox 956 420 1026 486; x_wconf 86' lang='grc' dir='ltr'><strong><em>ε’στι</em></strong></span> <span class='ocrx_word' id='word_1_29' title='bbox 1049 421 1087 485; x_wconf 91' lang='grc' dir='ltr'><strong><em>τὸ</em></strong></span> <span class='ocrx_word' id='word_1_30' title='bbox 1107 423 1155 503; x_wconf 89' lang='grc' dir='ltr'><strong><em>Η,</em></strong></span> 
     </span>
     <span class='ocr_line' id='line_1_4' title="bbox 140 518 1155 617; baseline -0.005 -21"><span class='ocrx_word' id='word_1_31' title='bbox 140 530 176 596; x_wconf 83' lang='grc' dir='ltr'><strong><em>ἐν</em></strong></span> <span class='ocrx_word' id='word_1_32' title='bbox 200 532 305 617; x_wconf 81' lang='grc' dir='ltr'><strong><em>τούτῳ</em></strong></span> <span class='ocrx_word' id='word_1_33' title='bbox 330 532 366 595; x_wconf 89' lang='grc' dir='ltr'><strong><em>τὸ</em></strong></span> <span class='ocrx_word' id='word_1_34' title='bbox 389 532 426 612; x_wconf 95' lang='grc' dir='ltr'><strong><em>Γ,</em></strong></span> <span class='ocrx_word' id='word_1_35' title='bbox 450 528 487 594; x_wconf 83' lang='grc' dir='ltr'><strong><em>ἐν</em></strong></span> <span class='ocrx_word' id='word_1_36' title='bbox 510 522 537 617; x_wconf 74' lang='grc' dir='ltr'><em>ᾧ</em></span> <span class='ocrx_word' id='word_1_37' title='bbox 560 525 597 593; x_wconf 73' lang='grc' dir='ltr'><strong><em>δὲ</em></strong></span> <span class='ocrx_word' id='word_1_38' title='bbox 618 529 656 593; x_wconf 91' lang='grc' dir='ltr'><strong><em>τὸ</em></strong></span> <span class='ocrx_word' id='word_1_39' title='bbox 681 532 725 612; x_wconf 92' lang='lat' dir='ltr'><strong><em>A,</em></strong></span> <span class='ocrx_word' id='word_1_40' title='bbox 749 526 786 592; x_wconf 91' lang='grc' dir='ltr'><strong><em>έν</em></strong></span> <span class='ocrx_word' id='word_1_41' title='bbox 808 530 915 615; x_wconf 77' lang='grc' dir='ltr'><strong><em>τούτῳ</em></strong></span> <span class='ocrx_word' id='word_1_42' title='bbox 938 528 976 592; x_wconf 89' lang='grc' dir='ltr'><strong><em>τὸ</em></strong></span> <span class='ocrx_word' id='word_1_43' title='bbox 998 532 1043 609; x_wconf 92' lang='lat' dir='ltr'><strong><em>A,</em></strong></span> <span class='ocrx_word' id='word_1_44' title='bbox 1067 525 1103 591; x_wconf 85' lang='grc' dir='ltr'><strong><em>έν</em></strong></span> <span class='ocrx_word' id='word_1_45' title='bbox 1128 518 1155 614; x_wconf 73' lang='grc' dir='ltr'><em>ᾧ</em></span> 
     </span>
     <span class='ocr_line' id='line_1_5' title="bbox 142 630 1161 723; baseline -0.005 -21"><span class='ocrx_word' id='word_1_46' title='bbox 142 634 178 702; x_wconf 74' lang='grc' dir='ltr'><strong><em>δέ</em></strong></span> <span class='ocrx_word' id='word_1_47' title='bbox 197 639 234 702; x_wconf 89' lang='grc' dir='ltr'><strong><em>τὸ</em></strong></span> <span class='ocrx_word' id='word_1_48' title='bbox 253 642 302 721; x_wconf 91' lang='lat' dir='ltr'><strong><em>M,</em></strong></span> <span class='ocrx_word' id='word_1_49' title='bbox 326 636 362 701; x_wconf 83' lang='grc' dir='ltr'><strong><em>έν</em></strong></span> <span class='ocrx_word' id='word_1_50' title='bbox 388 638 493 723; x_wconf 77' lang='grc' dir='ltr'><strong><em>τούτῳ</em></strong></span> <span class='ocrx_word' id='word_1_51' title='bbox 515 636 552 700; x_wconf 88' lang='grc' dir='ltr'><strong><em>τὸ</em></strong></span> <span class='ocrx_word' id='word_1_52' title='bbox 573 640 615 718; x_wconf 89' lang='grc' dir='ltr'><strong><em>Ζ,</em></strong></span> <span class='ocrx_word' id='word_1_53' title='bbox 638 634 695 698; x_wconf 82' lang='grc' dir='ltr'><strong><em>διὰ</em></strong></span> <span class='ocrx_word' id='word_1_54' title='bbox 718 630 755 698; x_wconf 73' lang='grc' dir='ltr'><strong><em>δὲ</em></strong></span> <span class='ocrx_word' id='word_1_55' title='bbox 777 645 845 699; x_wconf 86' lang='grc' dir='ltr'><strong><em>τῶν</em></strong></span> <span class='ocrx_word' id='word_1_56' title='bbox 864 637 936 718; x_wconf 88' lang='grc' dir='ltr'><strong><em>ΒΓ,</em></strong></span> <span class='ocrx_word' id='word_1_57' title='bbox 955 637 1019 697; x_wconf 88' lang='lat' dir='ltr'><strong><em>BA</em></strong></span> <span class='ocrx_word' id='word_1_58' title='bbox 1042 631 1062 714; x_wconf 99' lang='lat' dir='ltr'><strong><em>A</em></strong></span> <span class='ocrx_word' id='word_1_59' title='bbox 1089 636 1161 697; x_wconf 83' lang='grc' dir='ltr'><strong><em>ΛΓ</em></strong></span> 
     </span>
     <span class='ocr_line' id='line_1_6' title="bbox 104 736 1155 830; baseline 0 -27"><span class='ocrx_word' id='word_1_60' title='bbox 104 747 303 830; x_wconf 76' lang='grc' dir='ltr'><strong><em>σφαίνεται,</em></strong></span> <span class='ocrx_word' id='word_1_61' title='bbox 327 743 383 806; x_wconf 82' lang='grc' dir='ltr'><strong><em>διὰ</em></strong></span> <span class='ocrx_word' id='word_1_62' title='bbox 404 739 441 807; x_wconf 71' lang='grc' dir='ltr'><strong><em>δὲ</em></strong></span> <span class='ocrx_word' id='word_1_63' title='bbox 459 753 526 807; x_wconf 84' lang='grc' dir='ltr'><strong><em>τῶν</em></strong></span> <span class='ocrx_word' id='word_1_64' title='bbox 545 746 617 825; x_wconf 96' lang='lat' dir='ltr'><strong><em>BA,</em></strong></span> <span class='ocrx_word' id='word_1_65' title='bbox 636 746 700 806; x_wconf 88' lang='grc' dir='ltr'><strong><em>ΒΖ</em></strong></span> <span class='ocrx_word' id='word_1_66' title='bbox 722 740 743 823; x_wconf 93' lang='lat' dir='ltr'><strong><em>A</em></strong></span> <span class='ocrx_word' id='word_1_67' title='bbox 764 745 835 824; x_wconf 91' lang='lat' dir='ltr'><strong><em>ZA,</em></strong></span> <span class='ocrx_word' id='word_1_68' title='bbox 859 741 915 805; x_wconf 83' lang='grc' dir='ltr'><strong><em>διὰ</em></strong></span> <span class='ocrx_word' id='word_1_69' title='bbox 934 736 971 805; x_wconf 72' lang='grc' dir='ltr'><strong><em>δὲ</em></strong></span> <span class='ocrx_word' id='word_1_70' title='bbox 991 750 1061 804; x_wconf 83' lang='grc' dir='ltr'><strong><em>τῶν</em></strong></span> <span class='ocrx_word' id='word_1_71' title='bbox 1082 743 1155 822; x_wconf 89' lang='grc' dir='ltr'><strong><em>ΒΖ,</em></strong></span> 
     </span>
     <span class='ocr_line' id='line_1_7' title="bbox 140 844 1155 933; baseline -0.005 -18"><span class='ocrx_word' id='word_1_72' title='bbox 140 854 210 915; x_wconf 88' lang='lat' dir='ltr'><strong><em>BK</em></strong></span> <span class='ocrx_word' id='word_1_73' title='bbox 234 849 255 932; x_wconf 93' lang='lat' dir='ltr'><strong><em>A</em></strong></span> <span class='ocrx_word' id='word_1_74' title='bbox 279 852 360 932; x_wconf 90' lang='lat' dir='ltr'><strong><em>KZ,</em></strong></span> <span class='ocrx_word' id='word_1_75' title='bbox 391 849 515 914; x_wconf 83' lang='grc' dir='ltr'><strong><em>οὐκοῦν</em></strong></span> <span class='ocrx_word' id='word_1_76' title='bbox 544 849 564 933; x_wconf 93' lang='lat' dir='ltr'><em>A</em></span> <span class='ocrx_word' id='word_1_77' title='bbox 591 845 652 933; x_wconf 73' lang='grc' dir='ltr'><strong><em>μὲν</em></strong></span> <span class='ocrx_word' id='word_1_78' title='bbox 676 850 737 913; x_wconf 87' lang='grc' dir='ltr'><strong><em>ΓΔ</em></strong></span> <span class='ocrx_word' id='word_1_79' title='bbox 764 857 821 932; x_wconf 79' lang='grc' dir='ltr'><strong><em>τῆς</em></strong></span> <span class='ocrx_word' id='word_1_80' title='bbox 846 853 911 913; x_wconf 94' lang='lat' dir='ltr'><strong><em>ZA</em></strong></span> <span class='ocrx_word' id='word_1_81' title='bbox 933 844 1155 932; x_wconf 80' lang='grc' dir='ltr'><strong><em>μετεωροτέρα</em></strong></span> 
     </span>
    </p>
   </div>
   <div class='ocr_carea' id='block_1_3' title="bbox 140 1062 889 1149">
    <p class='ocr_par' dir='ltr' id='par_1_3' title="bbox 140 1062 889 1149">
     <span class='ocr_line' id='line_1_8' title="bbox 140 1062 889 1149; baseline -0.001 -22"><span class='ocrx_word' id='word_1_82' title='bbox 140 1063 284 1128; x_wconf 83' lang='grc' dir='ltr'><strong><em>ἀκτίνων</em></strong></span> <span class='ocrx_word' id='word_1_83' title='bbox 308 1062 459 1149; x_wconf 84' lang='grc' dir='ltr'><strong><em>ὁρώμενα</em></strong></span> <span class='ocrx_word' id='word_1_84' title='bbox 481 1064 703 1148; x_wconf 78' lang='grc' dir='ltr'><strong><em>μετεωρότεροι</em></strong></span> <span class='ocrx_word' id='word_1_85' title='bbox 726 1065 889 1146; x_wconf 77' lang='grc' dir='ltr'><strong><em>φαίνεται.</em></strong></span> 
     </span>
    </p>
   </div>
   <div class='ocr_carea' id='block_1_4' title="bbox 620 1291 676 1356">
    <p class='ocr_par' dir='ltr' id='par_1_4' title="bbox 620 1291 676 1356">
     <span class='ocr_line' id='line_1_9' title="bbox 620 1291 676 1356; baseline 0 0"><span class='ocrx_word' id='word_1_86' title='bbox 620 1291 676 1356; x_wconf 83' lang='grc' dir='ltr'><strong><em>ια’.</em></strong></span> 
     </span>
    </p>
   </div>
   <div class='ocr_carea' id='block_1_5' title="bbox 89 1415 1154 1928">
    <p class='ocr_par' dir='ltr' id='par_1_5' title="bbox 89 1415 1154 1928">
     <span class='ocr_line' id='line_1_10' title="bbox 89 1415 1154 1503; baseline -0.003 -20"><span class='ocrx_word' id='word_1_87' title='bbox 89 1428 122 1477; x_wconf 89' lang='grc'><strong><em>10</em></strong></span> <span class='ocrx_word' id='word_1_88' title='bbox 213 1421 288 1483; x_wconf 85' lang='grc' dir='ltr'><strong><em>Τῶν</em></strong></span> <span class='ocrx_word' id='word_1_89' title='bbox 306 1418 375 1482; x_wconf 89' lang='grc' dir='ltr'><strong><em>ἀνω</em></strong></span> <span class='ocrx_word' id='word_1_90' title='bbox 395 1425 455 1481; x_wconf 87' lang='grc' dir='ltr'><strong><em>τοῦ</em></strong></span> <span class='ocrx_word' id='word_1_91' title='bbox 469 1418 614 1500; x_wconf 80' lang='grc' dir='ltr'><strong><em>ὄμματος</em></strong></span> <span class='ocrx_word' id='word_1_92' title='bbox 632 1415 796 1482; x_wconf 76' lang='grc' dir='ltr'><strong><em>ἐπιπέδων</em></strong></span> <span class='ocrx_word' id='word_1_93' title='bbox 810 1415 971 1501; x_wconf 82' lang='grc' dir='ltr'><strong><em>κειμένων</em></strong></span> <span class='ocrx_word' id='word_1_94' title='bbox 989 1418 1030 1481; x_wconf 89' lang='grc' dir='ltr'><strong><em>τά</em></strong></span> <span class='ocrx_word' id='word_1_95' title='bbox 1043 1419 1154 1503; x_wconf 84' lang='grc' dir='ltr'><strong><em>πόρρω</em></strong></span> 
     </span>
     <span class='ocr_line' id='line_1_11' title="bbox 141 1527 538 1608; baseline -0.005 -19"><span class='ocrx_word' id='word_1_96' title='bbox 141 1527 353 1608; x_wconf 88' lang='grc' dir='ltr'><strong><em>ταπεινότερα</em></strong></span> <span class='ocrx_word' id='word_1_97' title='bbox 376 1535 538 1608; x_wconf 82' lang='grc' dir='ltr'><strong><em>φανεῖται.</em></strong></span> 
     </span>
     <span class='ocr_line' id='line_1_12' title="bbox 208 1628 1153 1718; baseline -0.004 -22"><span class='ocrx_word' id='word_1_98' title='bbox 208 1634 290 1696; x_wconf 84' lang='grc' dir='ltr'><strong><em>ἔστω</em></strong></span> <span class='ocrx_word' id='word_1_99' title='bbox 313 1632 377 1718; x_wconf 79' lang='grc' dir='ltr'><strong><em>μάρ</em></strong></span> <span class='ocrx_word' id='word_1_100' title='bbox 401 1632 489 1714; x_wconf 88' lang='grc' dir='ltr'><strong><em>όμμα</em></strong></span> <span class='ocrx_word' id='word_1_101' title='bbox 512 1631 549 1694; x_wconf 89' lang='grc' dir='ltr'><strong><em>τὸ</em></strong></span> <span class='ocrx_word' id='word_1_102' title='bbox 572 1634 601 1694; x_wconf 91' lang='grc' dir='ltr'>Β</span> <span class='ocrx_word' id='word_1_103' title='bbox 625 1629 712 1695; x_wconf 89' lang='grc' dir='ltr'><strong><em>κάτω</em></strong></span> <span class='ocrx_word' id='word_1_104' title='bbox 736 1638 795 1695; x_wconf 87' lang='grc' dir='ltr'><strong><em>τοῦ</em></strong></span> <span class='ocrx_word' id='word_1_105' title='bbox 818 1635 852 1694; x_wconf 94' lang='lat' dir='ltr'><strong><em>A</em></strong></span> <span class='ocrx_word' id='word_1_106' title='bbox 858 1635 885 1695; x_wconf 93' lang='lat' dir='ltr'>Z</span> <span class='ocrx_word' id='word_1_107' title='bbox 909 1628 1068 1695; x_wconf 75' lang='grc' dir='ltr'><strong><em>ἐπιπέδου</em></strong></span> <span class='ocrx_word' id='word_1_108' title='bbox 1094 1631 1153 1694; x_wconf 87' lang='grc' dir='ltr'><strong><em>κεί-</em></strong></span> 
     </span>
     <span class='ocr_line' id='line_1_13' title="bbox 141 1733 1153 1822; baseline -0.003 -19"><span class='ocrx_word' id='word_1_109' title='bbox 141 1761 257 1822; x_wconf 89' lang='grc' dir='ltr'><strong><em>μενον,</em></strong></span> <span class='ocrx_word' id='word_1_110' title='bbox 290 1735 350 1822; x_wconf 81' lang='grc' dir='ltr'><strong><em>ἀφ’</em></strong></span> <span class='ocrx_word' id='word_1_111' title='bbox 372 1733 413 1802; x_wconf 83' lang='grc' dir='ltr'><strong><em>οὗ</em></strong></span> <span class='ocrx_word' id='word_1_112' title='bbox 434 1736 730 1822; x_wconf 84' lang='grc' dir='ltr'><strong><em>προσπιπτέτωσαν</em></strong></span> <span class='ocrx_word' id='word_1_113' title='bbox 762 1736 890 1813; x_wconf 80' lang='grc' dir='ltr'><strong><em>ἀκτῖνες</em></strong></span> <span class='ocrx_word' id='word_1_114' title='bbox 917 1738 954 1801; x_wconf 89' lang='grc' dir='ltr'><strong><em>αί</em></strong></span> <span class='ocrx_word' id='word_1_115' title='bbox 979 1741 1062 1820; x_wconf 94' lang='lat' dir='ltr'><strong><em>BA,</em></strong></span> <span class='ocrx_word' id='word_1_116' title='bbox 1086 1736 1153 1817; x_wconf 90' lang='grc' dir='ltr'><strong><em>ΒΓ,</em></strong></span> 
     </span>
     <span class='ocr_line' id='line_1_14' title="bbox 141 1839 1154 1928; baseline -0.003 -18"><span class='ocrx_word' id='word_1_117' title='bbox 141 1850 216 1927; x_wconf 86' lang='grc' dir='ltr'><strong><em>ΒΖ,</em></strong></span> <span class='ocrx_word' id='word_1_118' title='bbox 240 1839 288 1909; x_wconf 84' lang='grc' dir='ltr'><strong><em>ὧν</em></strong></span> <span class='ocrx_word' id='word_1_119' title='bbox 311 1844 331 1927; x_wconf 89' lang='lat' dir='ltr'><em>A</em></span> <span class='ocrx_word' id='word_1_120' title='bbox 355 1848 419 1908; x_wconf 90' lang='lat' dir='ltr'><strong><em>BZ</em></strong></span> <span class='ocrx_word' id='word_1_121' title='bbox 441 1844 583 1920; x_wconf 75' lang='grc' dir='ltr'><strong><em>κάθετος</em></strong></span> <span class='ocrx_word' id='word_1_122' title='bbox 605 1847 687 1909; x_wconf 86' lang='grc' dir='ltr'><strong><em>έστω</em></strong></span> <span class='ocrx_word' id='word_1_123' title='bbox 712 1842 765 1909; x_wconf 81' lang='grc' dir='ltr'><strong><em>ἐπὶ</em></strong></span> <span class='ocrx_word' id='word_1_124' title='bbox 787 1845 824 1909; x_wconf 89' lang='grc' dir='ltr'><strong><em>τὸ</em></strong></span> <span class='ocrx_word' id='word_1_125' title='bbox 847 1843 1067 1928; x_wconf 83' lang='grc' dir='ltr'><strong><em>ὑποκείμενον</em></strong></span> <span class='ocrx_word' id='word_1_126' title='bbox 1091 1842 1154 1908; x_wconf 85' lang='grc' dir='ltr'><strong><em>έπί-</em></strong></span> 
     </span>
    </p>
   </div>
   <div class='ocr_carea' id='block_1_6' title="bbox 89 1949 1156 2675">
    <p class='ocr_par' dir='ltr' id='par_1_6' title="bbox 89 1949 1156 2463">
     <span class='ocr_line' id='line_1_15' title="bbox 89 1949 1154 2035; baseline 0.002 -25"><span class='ocrx_word' id='word_1_127' title='bbox 89 1961 122 2010; x_wconf 80' lang='lat'><strong><em>15</em></strong></span> <span class='ocrx_word' id='word_1_128' title='bbox 141 1951 253 2017; x_wconf 90' lang='grc' dir='ltr'><strong><em>πεδον.</em></strong></span> <span class='ocrx_word' id='word_1_129' title='bbox 284 1949 379 2033; x_wconf 79' lang='grc' dir='ltr'><strong><em>λέγω,</em></strong></span> <span class='ocrx_word' id='word_1_130' title='bbox 396 1951 497 2015; x_wconf 85' lang='grc' dir='ltr'><strong><em>ὅτιτὸ</em></strong></span> <span class='ocrx_word' id='word_1_131' title='bbox 514 1953 575 2014; x_wconf 83' lang='grc' dir='ltr'><strong><em>ΓΛ</em></strong></span> <span class='ocrx_word' id='word_1_132' title='bbox 593 1959 653 2015; x_wconf 87' lang='grc' dir='ltr'><strong><em>τοῦ</em></strong></span> <span class='ocrx_word' id='word_1_133' title='bbox 668 1952 730 2015; x_wconf 95' lang='grc' dir='ltr'><strong><em>ΓΖ</em></strong></span> <span class='ocrx_word' id='word_1_134' title='bbox 748 1953 981 2035; x_wconf 88' lang='grc' dir='ltr'><strong><em>ταπεινότερον</em></strong></span> <span class='ocrx_word' id='word_1_135' title='bbox 995 1953 1154 2035; x_wconf 87' lang='grc' dir='ltr'><strong><em>φαίνεται.</em></strong></span> 
     </span>
     <span class='ocr_line' id='line_1_16' title="bbox 144 2054 1154 2144; baseline -0.002 -23"><span class='ocrx_word' id='word_1_136' title='bbox 144 2057 201 2121; x_wconf 91' lang='grc' dir='ltr'><strong><em>διά</em></strong></span> <span class='ocrx_word' id='word_1_137' title='bbox 230 2057 271 2140; x_wconf 79' lang='grc' dir='ltr'><strong><em>δὴ</em></strong></span> <span class='ocrx_word' id='word_1_138' title='bbox 299 2058 336 2121; x_wconf 85' lang='grc' dir='ltr'><strong><em>τὸ</em></strong></span> <span class='ocrx_word' id='word_1_139' title='bbox 359 2054 560 2144; x_wconf 77' lang='grc' dir='ltr'><strong><em>προεκτεδδν</em></strong></span> <span class='ocrx_word' id='word_1_140' title='bbox 582 2058 741 2141; x_wconf 73' lang='grc' dir='ltr'><strong><em>θεώρημα</em></strong></span> <span class='ocrx_word' id='word_1_141' title='bbox 762 2057 977 2140; x_wconf 75' lang='grc' dir='ltr'><strong><em>ταπεινοτάτη</em></strong></span> <span class='ocrx_word' id='word_1_142' title='bbox 1003 2067 1074 2121; x_wconf 85' lang='grc' dir='ltr'><strong><em>τῶν</em></strong></span> <span class='ocrx_word' id='word_1_143' title='bbox 1096 2055 1154 2120; x_wconf 85' lang='grc' dir='ltr'><strong><em>ἀπὸ</em></strong></span> 
     </span>
     <span class='ocr_line' id='line_1_17' title="bbox 145 2163 1156 2250; baseline -0.001 -22"><span class='ocrx_word' id='word_1_144' title='bbox 145 2172 205 2228; x_wconf 85' lang='grc' dir='ltr'><strong><em>τοῦ</em></strong></span> <span class='ocrx_word' id='word_1_145' title='bbox 224 2167 253 2227; x_wconf 92' lang='grc' dir='ltr'>Β</span> <span class='ocrx_word' id='word_1_146' title='bbox 278 2165 422 2247; x_wconf 79' lang='grc' dir='ltr'><strong><em>ὄμματος</em></strong></span> <span class='ocrx_word' id='word_1_147' title='bbox 443 2164 528 2250; x_wconf 87' lang='grc' dir='ltr'><strong><em>πρὸς</em></strong></span> <span class='ocrx_word' id='word_1_148' title='bbox 549 2165 586 2228; x_wconf 89' lang='grc' dir='ltr'><strong><em>τὸ</em></strong></span> <span class='ocrx_word' id='word_1_149' title='bbox 610 2168 679 2247; x_wconf 62' lang='grc' dir='ltr'><strong><em>ΑΖ</em></strong></span> <span class='ocrx_word' id='word_1_150' title='bbox 702 2163 858 2229; x_wconf 78' lang='grc' dir='ltr'><strong><em>ἐπίπεδον</em></strong></span> <span class='ocrx_word' id='word_1_151' title='bbox 879 2173 1156 2249; x_wconf 78' lang='grc' dir='ltr'><strong><em>προσπιπτουσῶν</em></strong></span> 
     </span>
     <span class='ocr_line' id='line_1_18' title="bbox 144 2266 1156 2355; baseline -0.003 -21"><span class='ocrx_word' id='word_1_152' title='bbox 144 2269 289 2335; x_wconf 81' lang='grc' dir='ltr'><strong><em>ἀκτίνων</em></strong></span> <span class='ocrx_word' id='word_1_153' title='bbox 311 2268 402 2335; x_wconf 83' lang='grc' dir='ltr'><strong><em>έστὶν</em></strong></span> <span class='ocrx_word' id='word_1_154' title='bbox 424 2269 444 2353; x_wconf 88' lang='lat' dir='ltr'><em>A</em></span> <span class='ocrx_word' id='word_1_155' title='bbox 467 2273 545 2353; x_wconf 88' lang='lat' dir='ltr'><em>BA,</em></span> <span class='ocrx_word' id='word_1_156' title='bbox 573 2270 594 2353; x_wconf 90' lang='lat' dir='ltr'><em>A</em></span> <span class='ocrx_word' id='word_1_157' title='bbox 618 2266 655 2335; x_wconf 74' lang='grc' dir='ltr'><strong><em>δὲ</em></strong></span> <span class='ocrx_word' id='word_1_158' title='bbox 678 2274 747 2335; x_wconf 99' lang='grc' dir='ltr'><strong><em>ΒΓ</em></strong></span> <span class='ocrx_word' id='word_1_159' title='bbox 768 2279 825 2354; x_wconf 77' lang='grc' dir='ltr'><strong><em>τῆς</em></strong></span> <span class='ocrx_word' id='word_1_160' title='bbox 847 2275 912 2335; x_wconf 93' lang='grc' dir='ltr'><strong><em>ΒΖ</em></strong></span> <span class='ocrx_word' id='word_1_161' title='bbox 935 2268 1156 2355; x_wconf 88' lang='grc' dir='ltr'><strong><em>ταπεινοτέρα.</em></strong></span> 
     </span>
     <span class='ocr_line' id='line_1_19' title="bbox 144 2373 1156 2463; baseline 0.001 -23"><span class='ocrx_word' id='word_1_162' title='bbox 144 2376 227 2441; x_wconf 77' lang='grc' dir='ltr'><strong><em>ἀλλά</em></strong></span> <span class='ocrx_word' id='word_1_163' title='bbox 251 2377 307 2440; x_wconf 88' lang='grc' dir='ltr'><strong><em>διά</em></strong></span> <span class='ocrx_word' id='word_1_164' title='bbox 330 2373 390 2460; x_wconf 74' lang='grc' dir='ltr'><strong><em>μὲν</em></strong></span> <span class='ocrx_word' id='word_1_165' title='bbox 414 2387 481 2441; x_wconf 83' lang='grc' dir='ltr'><strong><em>τῶν</em></strong></span> <span class='ocrx_word' id='word_1_166' title='bbox 499 2380 572 2459; x_wconf 91' lang='lat' dir='ltr'><strong><em>BA,</em></strong></span> <span class='ocrx_word' id='word_1_167' title='bbox 595 2378 663 2441; x_wconf 94' lang='grc' dir='ltr'><strong><em>ΒΓ</em></strong></span> <span class='ocrx_word' id='word_1_168' title='bbox 682 2375 826 2443; x_wconf 87' lang='grc' dir='ltr'><strong><em>ἀκτίνων</em></strong></span> <span class='ocrx_word' id='word_1_169' title='bbox 848 2379 885 2443; x_wconf 93' lang='grc' dir='ltr'><strong><em>τὸ</em></strong></span> <span class='ocrx_word' id='word_1_170' title='bbox 905 2383 938 2442; x_wconf 94' lang='lat' dir='ltr'><strong><em>A</em></strong></span> <span class='ocrx_word' id='word_1_171' title='bbox 945 2381 978 2442; x_wconf 96' lang='grc' dir='ltr'>Γ</span> <span class='ocrx_word' id='word_1_172' title='bbox 995 2381 1156 2463; x_wconf 82' lang='grc' dir='ltr'><strong><em>φαίνεται,</em></strong></span> 
     </span>
    </p>

    <p class='ocr_par' dir='ltr' id='par_1_7' title="bbox 89 2480 1156 2675">
     <span class='ocr_line' id='line_1_20' title="bbox 89 2480 1156 2568; baseline 0.006 -25"><span class='ocrx_word' id='word_1_173' title='bbox 89 2493 125 2543; x_wconf 74' lang='lat'><strong><em>20</em></strong></span> <span class='ocrx_word' id='word_1_174' title='bbox 144 2484 200 2547; x_wconf 89' lang='grc' dir='ltr'><strong><em>διά</em></strong></span> <span class='ocrx_word' id='word_1_175' title='bbox 228 2480 264 2547; x_wconf 75' lang='grc' dir='ltr'><strong><em>δὲ</em></strong></span> <span class='ocrx_word' id='word_1_176' title='bbox 292 2493 360 2547; x_wconf 83' lang='grc' dir='ltr'><strong><em>τῶν</em></strong></span> <span class='ocrx_word' id='word_1_177' title='bbox 382 2485 461 2565; x_wconf 91' lang='grc' dir='ltr'><strong><em>ΒΓ,</em></strong></span> <span class='ocrx_word' id='word_1_178' title='bbox 485 2487 548 2547; x_wconf 97' lang='grc' dir='ltr'><strong><em>ΒΖ</em></strong></span> <span class='ocrx_word' id='word_1_179' title='bbox 575 2483 612 2547; x_wconf 89' lang='grc' dir='ltr'><strong><em>τὸ</em></strong></span> <span class='ocrx_word' id='word_1_180' title='bbox 637 2486 708 2549; x_wconf 93' lang='grc' dir='ltr'><strong><em>ΓΖ.</em></strong></span> <span class='ocrx_word' id='word_1_181' title='bbox 758 2485 795 2549; x_wconf 88' lang='grc' dir='ltr'><strong><em>τὸ</em></strong></span> <span class='ocrx_word' id='word_1_182' title='bbox 822 2486 894 2549; x_wconf 86' lang='grc' dir='ltr'><strong><em>ΔΓ</em></strong></span> <span class='ocrx_word' id='word_1_183' title='bbox 917 2485 981 2568; x_wconf 88' lang='grc' dir='ltr'><strong><em>ἀρα</em></strong></span> <span class='ocrx_word' id='word_1_184' title='bbox 1010 2485 1156 2550; x_wconf 89' lang='grc' dir='ltr'><strong><em>ταπεινό-</em></strong></span> 
     </span>
     <span class='ocr_line' id='line_1_21' title="bbox 143 2590 556 2675; baseline -0.002 -21"><span class='ocrx_word' id='word_1_185' title='bbox 143 2613 241 2675; x_wconf 90' lang='grc' dir='ltr'><strong><em>τερον</em></strong></span> <span class='ocrx_word' id='word_1_186' title='bbox 263 2598 322 2655; x_wconf 89' lang='grc' dir='ltr'><strong><em>τοῦ</em></strong></span> <span class='ocrx_word' id='word_1_187' title='bbox 347 2592 408 2655; x_wconf 93' lang='grc' dir='ltr'><strong><em>ΓΖ</em></strong></span> <span class='ocrx_word' id='word_1_188' title='bbox 431 2590 556 2675; x_wconf 81' lang='grc' dir='ltr'><strong><em>ὁρᾶται.</em></strong></span> 
     </span>
    </p>
   </div>
   <div class='ocr_carea' id='block_1_7' title="bbox 143 2866 1158 3602">
    <p class='ocr_par' dir='ltr' id='par_1_8' title="bbox 143 2866 1158 3602">
     <span class='ocr_line' id='line_1_22' title="bbox 215 2866 1158 2942; baseline 0.002 -18"><span class='ocrx_word' id='word_1_189' title='bbox 215 2878 239 2926; x_wconf 93' lang='grc'><strong><em>1.</em></strong></span> <span class='ocrx_word' id='word_1_190' title='bbox 261 2869 321 2924; x_wconf 78' lang='grc' dir='ltr'><strong><em>ἐπεὶ</em></strong></span> <span class='ocrx_word' id='word_1_191' title='bbox 341 2866 404 2942; x_wconf 74' lang='grc' dir='ltr'><strong><em>οὖν]</em></strong></span> <span class='ocrx_word' id='word_1_192' title='bbox 423 2870 468 2925; x_wconf 84' lang='lat' dir='ltr'><strong><em>bis</em></strong></span> <span class='ocrx_word' id='word_1_193' title='bbox 488 2888 515 2940; x_wconf 91' lang='lat' dir='ltr'><strong><em>p.</em></strong></span> <span class='ocrx_word' id='word_1_194' title='bbox 593 2877 616 2924; x_wconf 75' lang='lat'><strong><em>2.</em></strong></span> <span class='ocrx_word' id='word_1_195' title='bbox 636 2870 667 2925; x_wconf 91' lang='grc' dir='ltr'><strong><em>τό</em></strong></span> <span class='ocrx_word' id='word_1_196' title='bbox 678 2873 741 2942; x_wconf 87' lang='lat' dir='ltr'>(pr.)</span> <span class='ocrx_word' id='word_1_197' title='bbox 775 2870 830 2926; x_wconf 80' lang='grc' dir='ltr'><strong><em>ἐστι</em></strong></span> <span class='ocrx_word' id='word_1_198' title='bbox 848 2870 880 2925; x_wconf 92' lang='grc' dir='ltr'><strong><em>τό</em></strong></span> <span class='ocrx_word' id='word_1_199' title='bbox 898 2870 931 2925; x_wconf 93' lang='lat' dir='ltr'><strong><em>V.</em></strong></span> <span class='ocrx_word' id='word_1_200' title='bbox 1006 2877 1032 2925; x_wconf 85' lang='lat'><strong><em>4.</em></strong></span> <span class='ocrx_word' id='word_1_201' title='bbox 1051 2871 1070 2941; x_wconf 87' lang='lat' dir='ltr'><em>A</em></span> <span class='ocrx_word' id='word_1_202' title='bbox 1089 2869 1158 2942; x_wconf 85' lang='grc' dir='ltr'><strong><em>ΔΓ]</em></strong></span> 
     </span>
     <span class='ocr_line' id='line_1_23' title="bbox 144 2942 1156 3067; baseline 0 -72"><span class='ocrx_word' id='word_1_203' title='bbox 144 2948 262 3011; x_wconf 80' lang='lat' dir='ltr'><strong>m.2p.</strong></span> <span class='ocrx_word' id='word_1_204' title='bbox 337 2948 360 2997; x_wconf 83' lang='lat'><strong><em>6.</em></strong></span> <span class='ocrx_word' id='word_1_205' title='bbox 383 2943 516 3067; x_wconf 38' lang='lat' dir='ltr'><em>ZAAEAZ</em></span> <span class='ocrx_word' id='word_1_206' title='bbox 534 2942 568 2996; x_wconf 87' lang='lat' dir='ltr'><strong><em>V.</em></strong></span> <span class='ocrx_word' id='word_1_207' title='bbox 642 2950 666 2997; x_wconf 77' lang='lat'><strong><em>7.</em></strong></span> <span class='ocrx_word' id='word_1_208' title='bbox 689 2946 743 2996; x_wconf 89' lang='grc' dir='ltr'><strong><em>ΖΚ</em></strong></span> <span class='ocrx_word' id='word_1_209' title='bbox 777 2942 923 2996; x_wconf 83' lang='lat' dir='ltr'><strong>Kinras.</strong></span> <span class='ocrx_word' id='word_1_210' title='bbox 942 2959 977 2996; x_wconf 93' lang='lat' dir='ltr'><strong><em>m.</em></strong></span> <span class='ocrx_word' id='word_1_211' title='bbox 999 2948 1015 2996; x_wconf 74' lang='lat'>2</span> <span class='ocrx_word' id='word_1_212' title='bbox 1036 2960 1062 2997; x_wconf 87' lang='lat' dir='ltr'><strong><em>v.</em></strong></span> <span class='ocrx_word' id='word_1_213' title='bbox 1135 2945 1156 2995; x_wconf 83' lang='lat'><strong><em>8.</em></strong></span> 
     </span>
     <span class='ocr_line' id='line_1_24' title="bbox 143 3010 1158 3084; baseline 0.002 -18"><span class='ocrx_word' id='word_1_214' title='bbox 143 3014 212 3067; x_wconf 79' lang='lat' dir='ltr'><strong>Post</strong></span> <span class='ocrx_word' id='word_1_215' title='bbox 235 3010 368 3082; x_wconf 84' lang='grc' dir='ltr'><strong><em>φαίνεται</em></strong></span> <span class='ocrx_word' id='word_1_216' title='bbox 392 3014 429 3067; x_wconf 80' lang='grc' dir='ltr'><strong><em>οδ</em></strong></span> <span class='ocrx_word' id='word_1_217' title='bbox 450 3057 456 3069; x_wconf 83' lang='grc'><strong>.</strong></span> <span class='ocrx_word' id='word_1_218' title='bbox 479 3022 536 3068; x_wconf 86' lang='grc' dir='ltr'><strong><em>τῶν</em></strong></span> <span class='ocrx_word' id='word_1_219' title='bbox 559 3011 615 3080; x_wconf 83' lang='grc' dir='ltr'><strong><em>ἀρα</em></strong></span> <span class='ocrx_word' id='word_1_220' title='bbox 634 3011 708 3068; x_wconf 86' lang='grc' dir='ltr'><strong><em>κάτω</em></strong></span> <span class='ocrx_word' id='word_1_221' title='bbox 731 3022 781 3068; x_wconf 82' lang='grc' dir='ltr'><strong><em>τοῦ</em></strong></span> <span class='ocrx_word' id='word_1_222' title='bbox 801 3016 879 3083; x_wconf 86' lang='lat' dir='ltr'>(corr.</span> <span class='ocrx_word' id='word_1_223' title='bbox 899 3029 934 3067; x_wconf 84' lang='lat' dir='ltr'><strong><em>ex</em></strong></span> <span class='ocrx_word' id='word_1_224' title='bbox 950 3017 1018 3084; x_wconf 83' lang='grc' dir='ltr'><strong><em>τῶν)</em></strong></span> <span class='ocrx_word' id='word_1_225' title='bbox 1038 3012 1158 3083; x_wconf 74' lang='grc' dir='ltr'><strong><em>όμμυτος</em></strong></span> 
     </span>
     <span class='ocr_line' id='line_1_25' title="bbox 145 3090 1156 3164; baseline -0.002 -16"><span class='ocrx_word' id='word_1_226' title='bbox 145 3090 281 3162; x_wconf 86' lang='grc' dir='ltr'><strong><em>κειμένων</em></strong></span> <span class='ocrx_word' id='word_1_227' title='bbox 299 3093 401 3148; x_wconf 78' lang='grc' dir='ltr'><strong><em>καὶτὰ</em></strong></span> <span class='ocrx_word' id='word_1_228' title='bbox 420 3093 482 3164; x_wconf 79' lang='grc' dir='ltr'><strong><em>ἑξῆς</em></strong></span> <span class='ocrx_word' id='word_1_229' title='bbox 499 3093 533 3148; x_wconf 85' lang='lat' dir='ltr'><strong><em>V.</em></strong></span> <span class='ocrx_word' id='word_1_230' title='bbox 565 3092 622 3163; x_wconf 86' lang='lat' dir='ltr'><strong><em>Mg.</em></strong></span> <span class='ocrx_word' id='word_1_231' title='bbox 641 3111 677 3147; x_wconf 89' lang='lat' dir='ltr'><strong><em>m.</em></strong></span> <span class='ocrx_word' id='word_1_232' title='bbox 695 3101 709 3147; x_wconf 93' lang='lat'>1</span> <span class='ocrx_word' id='word_1_233' title='bbox 729 3093 767 3150; x_wconf 85' lang='lat' dir='ltr'><strong><em>V:</em></strong></span> <span class='ocrx_word' id='word_1_234' title='bbox 788 3092 841 3152; x_wconf 76' lang='grc' dir='ltr'><strong><em>Π.</em></strong></span> <span class='ocrx_word' id='word_1_235' title='bbox 862 3093 892 3149; x_wconf 79' lang='grc' dir='ltr'><strong><em>ἐκ</em></strong></span> <span class='ocrx_word' id='word_1_236' title='bbox 908 3093 942 3163; x_wconf 80' lang='grc' dir='ltr'><strong><em>δὴ</em></strong></span> <span class='ocrx_word' id='word_1_237' title='bbox 957 3093 1060 3148; x_wconf 78' lang='grc' dir='ltr'><strong><em>τούτου</em></strong></span> <span class='ocrx_word' id='word_1_238' title='bbox 1072 3111 1156 3163; x_wconf 89' lang='grc' dir='ltr'><strong><em>φανε-</em></strong></span> 
     </span>
     <span class='ocr_line' id='line_1_26' title="bbox 147 3170 1157 3243; baseline -0.001 -16"><span class='ocrx_word' id='word_1_239' title='bbox 147 3173 198 3241; x_wconf 91' lang='grc' dir='ltr'><strong><em>ρόν</em></strong></span> <span class='ocrx_word' id='word_1_240' title='bbox 213 3172 270 3227; x_wconf 86' lang='grc' dir='ltr'><strong><em>έστι</em></strong></span> <span class='ocrx_word' id='word_1_241' title='bbox 285 3172 337 3242; x_wconf 82' lang='grc' dir='ltr'><strong><em>(δτι</em></strong></span> <span class='ocrx_word' id='word_1_242' title='bbox 351 3174 415 3228; x_wconf 82' lang='lat' dir='ltr'><strong>add.</strong></span> <span class='ocrx_word' id='word_1_243' title='bbox 428 3191 464 3227; x_wconf 88' lang='lat' dir='ltr'><strong><em>m.</em></strong></span> <span class='ocrx_word' id='word_1_244' title='bbox 475 3176 540 3243; x_wconf 83' lang='lat' dir='ltr'>rec.)</span> <span class='ocrx_word' id='word_1_245' title='bbox 558 3171 594 3226; x_wconf 85' lang='grc' dir='ltr'><strong><em>τά</em></strong></span> <span class='ocrx_word' id='word_1_246' title='bbox 613 3170 733 3228; x_wconf 76' lang='grc' dir='ltr'><strong><em>ἐπίπεδα</em></strong></span> <span class='ocrx_word' id='word_1_247' title='bbox 752 3173 783 3229; x_wconf 86' lang='grc' dir='ltr'><strong><em>έκ</em></strong></span> <span class='ocrx_word' id='word_1_248' title='bbox 801 3182 851 3229; x_wconf 81' lang='grc' dir='ltr'><strong><em>τοῦ</em></strong></span> <span class='ocrx_word' id='word_1_249' title='bbox 871 3171 956 3243; x_wconf 84' lang='grc' dir='ltr'><strong><em>μέσον</em></strong></span> <span class='ocrx_word' id='word_1_250' title='bbox 974 3175 1157 3243; x_wconf 72' lang='grc' dir='ltr'><strong><em>θεωρούμενα</em></strong></span> 
     </span>
     <span class='ocr_line' id='line_1_27' title="bbox 146 3241 1157 3315; baseline -0.001 -16"><span class='ocrx_word' id='word_1_251' title='bbox 146 3248 227 3299; x_wconf 79' lang='grc' dir='ltr'><strong><em>κοῖλα</em></strong></span> <span class='ocrx_word' id='word_1_252' title='bbox 246 3243 387 3314; x_wconf 85' lang='grc' dir='ltr'><strong><em>φαίνεται.</em></strong></span> <span class='ocrx_word' id='word_1_253' title='bbox 423 3242 553 3314; x_wconf 76' lang='grc' dir='ltr'><strong><em>τεθείσης</em></strong></span> <span class='ocrx_word' id='word_1_254' title='bbox 576 3243 629 3314; x_wconf 78' lang='grc' dir='ltr'><strong><em>γὰρ</em></strong></span> <span class='ocrx_word' id='word_1_255' title='bbox 647 3253 696 3315; x_wconf 78' lang='grc' dir='ltr'><strong><em>τῆς</em></strong></span> <span class='ocrx_word' id='word_1_256' title='bbox 716 3243 809 3314; x_wconf 81' lang='grc' dir='ltr'><strong><em>ὄψεως</em></strong></span> <span class='ocrx_word' id='word_1_257' title='bbox 831 3244 903 3300; x_wconf 81' lang='grc' dir='ltr'><strong><em>κατὰ</em></strong></span> <span class='ocrx_word' id='word_1_258' title='bbox 922 3241 1007 3313; x_wconf 89' lang='grc' dir='ltr'><strong><em>μέσον</em></strong></span> <span class='ocrx_word' id='word_1_259' title='bbox 1030 3253 1081 3299; x_wconf 76' lang='grc' dir='ltr'><strong><em>τοῦ</em></strong></span> <span class='ocrx_word' id='word_1_260' title='bbox 1103 3244 1157 3299; x_wconf 83' lang='grc' dir='ltr'><strong><em>έπι·</em></strong></span> 
     </span>
     <span class='ocr_line' id='line_1_28' title="bbox 147 3313 1158 3406; baseline 0.003 -38"><span class='ocrx_word' id='word_1_261' title='bbox 147 3313 235 3370; x_wconf 90' lang='grc' dir='ltr'><strong><em>πέδου</em></strong></span> <span class='ocrx_word' id='word_1_262' title='bbox 264 3316 294 3372; x_wconf 80' lang='grc' dir='ltr'><strong><em>ἐν</em></strong></span> <span class='ocrx_word' id='word_1_263' title='bbox 317 3321 355 3390; x_wconf 81' lang='grc' dir='ltr'><strong><em>τῷ</em></strong></span> <span class='ocrx_word' id='word_1_264' title='bbox 378 3317 504 3385; x_wconf 82' lang='grc' dir='ltr'><strong><em>μετεόρω</em></strong></span> <span class='ocrx_word' id='word_1_265' title='bbox 528 3316 653 3385; x_wconf 81' lang='grc' dir='ltr'><strong><em>φανερὸν</em></strong></span> <span class='ocrx_word' id='word_1_266' title='bbox 677 3316 708 3370; x_wconf 89' lang='grc' dir='ltr'><strong><em>τδ</em></strong></span> <span class='ocrx_word' id='word_1_267' title='bbox 732 3316 882 3406; x_wconf 69' lang='grc' dir='ltr'><strong><em>λεμόμενον</em></strong></span> <span class='ocrx_word' id='word_1_268' title='bbox 900 3313 1158 3387; x_wconf 73' lang='grc' dir='ltr'><strong><em>προσεκβληθέντος</em></strong></span> 
     </span>
     <span class='ocr_line' id='line_1_29' title="bbox 145 3371 1158 3456; baseline -0.002 -16"><span class='ocrx_word' id='word_1_269' title='bbox 145 3394 195 3441; x_wconf 85' lang='grc' dir='ltr'><strong><em>τοῦ</em></strong></span> <span class='ocrx_word' id='word_1_270' title='bbox 216 3391 272 3441; x_wconf 86' lang='grc' dir='ltr'><strong><em>ΓΚ</em></strong></span> <span class='ocrx_word' id='word_1_271' title='bbox 294 3385 429 3442; x_wconf 80' lang='grc' dir='ltr'><strong><em>ἐπιπέδου</em></strong></span> <span class='ocrx_word' id='word_1_272' title='bbox 453 3371 499 3441; x_wconf 72' lang='grc' dir='ltr'><strong><em>ἐπί</em></strong></span> <span class='ocrx_word' id='word_1_273' title='bbox 521 3386 557 3440; x_wconf 82' lang='grc' dir='ltr'><strong><em>τὰ</em></strong></span> <span class='ocrx_word' id='word_1_274' title='bbox 580 3385 723 3456; x_wconf 86' lang='grc' dir='ltr'><strong><em>ἀριστερά,</em></strong></span> <span class='ocrx_word' id='word_1_275' title='bbox 752 3405 820 3442; x_wconf 87' lang='grc' dir='ltr'><strong><em>ωστε</em></strong></span> <span class='ocrx_word' id='word_1_276' title='bbox 843 3388 892 3443; x_wconf 78' lang='grc' dir='ltr'><strong><em>καί</em></strong></span> <span class='ocrx_word' id='word_1_277' title='bbox 915 3386 955 3450; x_wconf 83' lang='grc' dir='ltr'><strong><em>εἰς</em></strong></span> <span class='ocrx_word' id='word_1_278' title='bbox 973 3385 1009 3440; x_wconf 82' lang='grc' dir='ltr'><strong><em>τὰ</em></strong></span> <span class='ocrx_word' id='word_1_279' title='bbox 1029 3385 1109 3453; x_wconf 82' lang='grc' dir='ltr'><strong><em>δεξιά</em></strong></span> <span class='ocrx_word' id='word_1_280' title='bbox 1125 3383 1158 3440; x_wconf 87' lang='grc' dir='ltr'><strong><em>τά</em></strong></span> 
     </span>
     <span class='ocr_line' id='line_1_30' title="bbox 146 3455 1157 3530; baseline -0.001 -19"><span class='ocrx_word' id='word_1_281' title='bbox 146 3456 241 3527; x_wconf 87' lang='grc' dir='ltr'><strong><em>πόρρω</em></strong></span> <span class='ocrx_word' id='word_1_282' title='bbox 260 3456 407 3530; x_wconf 82' lang='grc' dir='ltr'><strong><em>προσέχειν</em></strong></span> <span class='ocrx_word' id='word_1_283' title='bbox 430 3458 479 3513; x_wconf 78' lang='grc' dir='ltr'><strong><em>καί</em></strong></span> <span class='ocrx_word' id='word_1_284' title='bbox 503 3458 543 3521; x_wconf 83' lang='grc' dir='ltr'><strong><em>εἰς</em></strong></span> <span class='ocrx_word' id='word_1_285' title='bbox 566 3457 601 3512; x_wconf 87' lang='grc' dir='ltr'><strong><em>τδι</em></strong></span> <span class='ocrx_word' id='word_1_286' title='bbox 624 3456 763 3527; x_wconf 87' lang='grc' dir='ltr'><strong><em>ἀριστερά.</em></strong></span> <span class='ocrx_word' id='word_1_287' title='bbox 802 3458 827 3513; x_wconf 85' lang='grc' dir='ltr'><strong><em>εἰ</em></strong></span> <span class='ocrx_word' id='word_1_288' title='bbox 847 3458 900 3530; x_wconf 77' lang='grc' dir='ltr'><strong><em>γὰρ</em></strong></span> <span class='ocrx_word' id='word_1_289' title='bbox 919 3458 1109 3528; x_wconf 85' lang='grc' dir='ltr'><strong><em>μετεωρότεροι</em></strong></span> <span class='ocrx_word' id='word_1_290' title='bbox 1126 3455 1157 3511; x_wconf 82' lang='grc' dir='ltr'><strong><em>τὰ</em></strong></span> 
     </span>
     <span class='ocr_line' id='line_1_31' title="bbox 147 3527 1157 3602; baseline 0.001 -20"><span class='ocrx_word' id='word_1_291' title='bbox 147 3527 235 3598; x_wconf 81' lang='grc' dir='ltr'><strong><em>ἀκρα,</em></strong></span> <span class='ocrx_word' id='word_1_292' title='bbox 259 3532 358 3600; x_wconf 70' lang='grc' dir='ltr'><strong><em>δῆλον,</em></strong></span> <span class='ocrx_word' id='word_1_293' title='bbox 383 3529 425 3585; x_wconf 83' lang='grc' dir='ltr'><strong><em>ότι</em></strong></span> <span class='ocrx_word' id='word_1_294' title='bbox 446 3530 478 3584; x_wconf 87' lang='grc' dir='ltr'><strong><em>τὸ</em></strong></span> <span class='ocrx_word' id='word_1_295' title='bbox 498 3527 582 3599; x_wconf 86' lang='grc' dir='ltr'><strong><em>μέσον</em></strong></span> <span class='ocrx_word' id='word_1_296' title='bbox 603 3533 706 3585; x_wconf 76' lang='grc' dir='ltr'><strong><em>κοῖλον.</em></strong></span> <span class='ocrx_word' id='word_1_297' title='bbox 799 3536 823 3586; x_wconf 86' lang='grc'><strong><em>9.</em></strong></span> <span class='ocrx_word' id='word_1_298' title='bbox 848 3531 903 3602; x_wconf 82' lang='grc' dir='ltr'><strong><em>ια’]</em></strong></span> <span class='ocrx_word' id='word_1_299' title='bbox 925 3532 994 3584; x_wconf 76' lang='lat' dir='ltr'><strong>mut.</strong></span> <span class='ocrx_word' id='word_1_300' title='bbox 1014 3529 1046 3583; x_wconf 88' lang='lat' dir='ltr'><strong><em>in</em></strong></span> <span class='ocrx_word' id='word_1_301' title='bbox 1065 3530 1106 3602; x_wconf 79' lang='grc' dir='ltr'><strong><em>ιβ’</em></strong></span> <span class='ocrx_word' id='word_1_302' title='bbox 1124 3546 1157 3583; x_wconf 76' lang='lat' dir='ltr'><strong>m</strong></span> 
     </span>
    </p>
   </div>
   <div class='ocr_carea' id='block_1_8' title="bbox 0 0 1222 3944">
    <p class='ocr_par' dir='ltr' id='par_1_9' title="bbox 0 0 1222 3944">
     <span class='ocr_line' id='line_1_32' title="bbox 0 0 1222 3944; baseline 0 0"><span class='ocrx_word' id='word_1_303' title='bbox 0 0 1222 3944; x_wconf 95' lang='lat' dir='ltr'><strong><em> </em></strong></span> 
     </span>
    </p>
   </div>
  </div>
 </body>
</html>
