2424 3944
437 167 607 219 EUOLIDIS
626 167 763 222 ornos.
1061 167 1103 232 27

87 306 263 372 accedente
292 329 369 394 ergo
398 308 517 374 minori
544 310 651 375 minus
679 333 933 398 superapparens
961 318 1105 398 apparet,

88 414 285 479 abscedente
309 437 386 481 uero
410 416 524 481 maius.

162 607 378 694 Quaecunque
410 611 610 676 alternorum
646 635 680 678 se
713 619 881 699 superant,
916 615 952 678 in
983 614 1105 679 directo

89 715 214 781 minori
237 717 413 800 quantitati
437 719 531 782 oculo
555 720 726 785 accedente
750 725 782 785 et
806 721 956 785 abstante
980 721 1107 804 aequali

90 844 223 905 semper
244 823 410 888 uidebitur
433 846 687 909 superapparens
711 826 871 890 minorem
894 826 1054 891 excedere.
1143 838 1159 886 σ

161 929 228 993 sint
251 931 332 994 duae
355 931 541 1016 inaequales
565 931 805 1018 magnitudines
829 933 872 997 ab
895 937 928 997 et
947 934 1007 1016 qd,
1031 955 1107 1017 qua-

89 1058 168 1100 rum
196 1037 239 1100 ab
271 1036 388 1121 maior,
420 1038 533 1103 oculus
560 1060 638 1103 uero
667 1038 710 1103 sit
737 1060 755 1104 a
784 1039 820 1103 in
847 1039 970 1104 directo
996 1039 1106 1104 iacens

89 1142 235 1208 termino
269 1144 460 1228 quantitatis
490 1147 538 1228 qd
568 1145 612 1230 ei,
648 1145 704 1229 qui
736 1150 786 1210 est
814 1167 843 1229 9.
903 1146 989 1231 dioc,
1020 1147 1107 1230 quod

89 1253 215 1335 puncto
235 1270 257 1332 9
285 1249 378 1314 oculo
408 1251 579 1315 accedente
607 1256 639 1316 et
662 1251 812 1315 abstante
838 1251 874 1315 in
897 1250 1019 1316 directo
1043 1251 1107 1316 exi-

88 1359 200 1420 stente
232 1356 359 1439 aequali
391 1356 556 1421 uidebitur
589 1379 845 1442 superapparens
873 1358 917 1421 ab
945 1357 989 1442 ei,
1021 1359 1106 1441 quod
1127 1372 1160 1420 ιο

87 1465 145 1526 est
164 1464 218 1545 σά.
264 1462 389 1526 accidat
412 1463 498 1527 enim
520 1463 629 1527 radius
652 1465 686 1527 te
711 1485 769 1547 per
793 1485 822 1547 9.
867 1463 977 1548 itaque
1001 1465 1044 1529 ub
1068 1465 1107 1550 ei,

90 1568 181 1654 quod
203 1572 253 1633 est
273 1570 334 1654 qd,
363 1569 629 1654 superapparebit
652 1591 704 1654 eo,
728 1569 814 1652 quod
837 1573 887 1633 est
909 1591 959 1635 ac.
1003 1574 1107 1635 trans-

87 1679 265 1740 moueatur
284 1680 394 1741 autem
414 1676 526 1741 oculus
548 1680 580 1740 et
600 1676 643 1740 sit
661 1676 791 1762 longius
814 1681 847 1740 et
867 1677 964 1740 sitin
982 1676 1105 1741 directo

87 1786 140 1866 ei,
162 1782 247 1864 quod
271 1786 321 1846 est
342 1783 363 1846 t.
410 1783 450 1846 ab
475 1782 568 1847 oculo
593 1804 671 1869 ergo
694 1783 803 1847 radius
827 1783 974 1848 accidens
996 1784 1106 1848 ueniet

88 1910 153 1974 per
176 1908 198 1970 9
223 1892 381 1972 punctum
413 1893 446 1952 et
477 1888 672 1974 adiungetur
698 1911 800 1974 usque
828 1911 844 1954 e
870 1894 1042 1976 punctum,
1073 1895 1107 1955 et
1126 1903 1159 1951 15

87 1995 207 2059 eodem
231 1995 397 2079 superabit
419 1996 463 2060 ab
487 1995 616 2081 quidem
636 1999 691 2079 qd.

162 2189 281 2254 Datam
313 2191 517 2255 altitudinem
550 2214 757 2278 cognoscere,
794 2197 915 2275 quanta
944 2192 1001 2278 sit,
1037 2194 1105 2258 sole

87 2302 280 2380 apparente.
690 2376 699 2388 ἱ

158 2407 228 2467 esto
243 2404 320 2468 data
333 2404 471 2469 altitudo
481 2406 533 2490 ab,
546 2410 811 2490 proponaturque
821 2428 893 2470 eam
902 2427 1107 2491 cognoscere,

88 2512 218 2593 quanta
241 2509 292 2574 sit.
338 2510 382 2576 sit
405 2513 517 2577 oculus
541 2513 575 2597 d,
598 2512 676 2577 solis
700 2517 810 2576 autem
832 2513 942 2577 radius
962 2533 1011 2595 pu
1033 2534 1107 2578 con·
1124 2523 1159 2572 20

167 2744 191 2792 1.
210 2737 312 2793 minori
330 2738 435 2812 minus]
454 2741 487 2794 c'a
503 2757 558 2795 rus.
578 2741 616 2794 D.
689 2746 713 2795 2.
732 2740 824 2794 maius
855 2742 887 2795 in
903 2759 958 2797 rus.
977 2741 1015 2794 D.
1080 2746 1104 2794 3.

88 2809 137 2880 sc]
160 2827 247 2878 aspro
268 2827 318 2866 scr.
342 2811 379 2866 D.
471 2817 512 2866 11.
537 2810 643 2865 accidit
665 2812 703 2866 D.
792 2815 822 2867 tc
856 2829 906 2868 scr.
931 2829 971 2867 cc.
1062 2817 1105 2864 13.

88 2879 202 2934 directe
220 2881 257 2935 D.

60 3124 64 3129 <
129 3093 280 3158 ἐλάσσονος
302 3096 403 3165 Vatv,
432 3112 520 3166 comp.
545 3096 575 3150 B.
667 3102 690 3150 9.
721 3093 853 3166 εὐθείας]
878 3115 925 3156 -ας
948 3093 979 3146 in
1000 3110 1054 3148 ras.
1078 3112 1104 3150 r.

128 3169 180 3240 τῷ]
195 3176 243 3222 σοῦ
258 3186 294 3221 m.
350 3173 391 3222 11.
410 3176 459 3222 τοῦ
473 3169 505 3239 Ζ]
520 3167 550 3221 τὸ
565 3172 585 3221 Ζ
598 3186 634 3221 m.
646 3173 660 3220 1
671 3167 704 3235 V,
719 3172 756 3220 τῶ
769 3171 795 3220 Γ
804 3174 853 3221 τοῦ
868 3164 1105 3232 BVat.Vat.¹mr,

88 3238 215 3294 mcv.
280 3236 532 3311 1o.pu9]0m.m.
593 3245 633 3292 1c.
657 3222 851 3362 znq‘nzm.
912 3242 953 3291 18.
973 3236 1004 3291 a
1020 3235 1094 3305 ὄμμα

86 3318 143 3364 τοῦ
164 3309 286 3378 ὄμματος
304 3328 329 3364 v.
403 3307 529 3377 ἀσσοτέρω
548 3309 633 3378 VBr,
653 3312 682 3362 et
726 3311 774 3377 at,
793 3325 861 3363 corr.
877 3326 913 3361 m.
929 3314 953 3362 2.
1029 3307 1094 3362 ἔστω

89 3377 201 3436 κείσθω
220 3398 255 3435 m.
347 3386 388 3436 19.
407 3381 507 3507 atqup
524 3399 560 3434 m.
648 3384 678 3433 H
690 3379 773 3451 (alt.)]
793 3397 845 3434 om.
865 3379 924 3448 Br,
951 3397 987 3433 m.
1006 3385 1022 3433 2
1041 3379 1106 3432 Vat.

129 3457 173 3504 20.
194 3449 254 3523 διά]
272 3453 322 3506 aul
340 3451 429 3507 oruB
462 3455 531 3506 atr.
605 3457 647 3507 23.
667 3451 721 3522 ιη’]
741 3451 786 3505 σθ’
807 3450 886 3504 codd.
958 3456 1000 3504 24.
1021 3448 1107 3520 ἐστίν]

78 3523 152 3578 -ἐστὶ
169 3530 220 3577 τοῦ
239 3541 264 3578 v.
338 3529 380 3578 27,
400 3521 501 3578 ἐστίν.
