2424 3944
302 153 513 206 OPTICORUM
530 154 709 208 RECENSIO
728 155 894 209 THEONIS.
1039 157 1103 220 153

164 297 204 360 ad
223 297 478 362 confirmandum
496 296 599 382 igItur
616 297 652 360 in
668 299 841 384 praesenti,
858 297 966 364 radios
985 300 1105 365 effundi

89 406 126 467 et
151 403 314 468 adfectum
337 403 487 467 cernendi
510 425 651 488 mouere,
675 403 754 468 satis
778 405 901 470 dictum
925 427 994 470 esse
1018 406 1104 471 uide-

90 511 200 595 batur,
218 511 259 574 ad
277 510 565 575 demonstrandum
584 514 702 596 autem,
721 532 812 575 arcus
827 512 861 576 in
876 513 989 577 eodem
1006 513 1104 597 plano

88 616 227 700 positos,
246 616 280 679 in
299 638 363 700 quo
384 617 504 702 oculos,
522 621 628 681 rectas
648 615 847 704 adparere¹),
869 618 948 683 haec
965 619 1105 684 dicebat:

91 724 224 789 oculum
252 722 287 786 in
315 724 429 788 eodem
455 724 553 807 plano
580 723 726 807 positum
758 747 832 798 cum
860 725 1007 809 quolibet
1033 726 1106 790 uiso

90 830 162 895 eius
185 829 274 894 modi
297 852 376 914 esse,
400 830 455 915 qui
478 852 582 914 neque
607 830 704 895 altior
722 830 794 895 uiso
813 852 917 914 neque
937 831 1107 896 demissior

91 941 192 1020 esset,
220 935 283 1001 hoc
305 937 413 1022 ipsum
440 936 526 1002 enim
549 959 619 1001 esse
646 937 682 1001 in
705 938 818 1002 eodem
839 938 937 1022 plano
959 938 1106 1022 positum

92 1065 173 1108 esse.
211 1043 276 1107 iam
300 1043 328 1108 si
347 1044 459 1108 oculus
478 1065 582 1127 neque
602 1045 699 1109 altior
717 1066 821 1129 neque
840 1044 1011 1109 demissior
1029 1068 1107 1110 arcu

90 1151 129 1214 in
160 1149 258 1234 plano
295 1151 456 1233 descripto
496 1155 560 1235 est,
596 1172 662 1214 non
694 1151 745 1215 his
782 1152 931 1236 partibus
966 1151 1108 1230 altiores

93 1256 163 1320 illis
192 1262 301 1321 autem
334 1256 539 1321 demissiores
572 1257 680 1321 radios
713 1257 839 1342 adiicit,
873 1259 929 1323 sed
957 1258 1107 1322 omnibus

90 1363 243 1448 partibus
258 1385 351 1428 arcus
366 1363 516 1447 aequales
531 1363 647 1447 radios,
663 1364 718 1447 qui
731 1386 790 1448 per
803 1364 937 1448 planum
950 1364 1108 1448 feruntur,

92 1469 221 1554 adiicit,
251 1469 298 1533 ita
330 1473 368 1533 ut
396 1470 508 1534 eadem
541 1470 585 1534 sit
613 1492 723 1555 causa,
755 1492 813 1534 cur
840 1471 973 1554 planum
1000 1474 1107 1535 rectae

93 1577 272 1662 imaginem
294 1575 472 1660 relinquat,
494 1579 526 1640 et
550 1597 608 1640 cur
631 1597 724 1641 arcus
746 1577 782 1640 in
804 1577 903 1661 plano
927 1576 1107 1660 descriptus

92 1683 182 1748 idem
205 1681 334 1747 efficiat.
385 1681 505 1746 etenim
531 1682 666 1766 planum
694 1684 734 1747 ad
764 1684 894 1749 oculum
921 1684 958 1748 in
985 1684 1106 1747 directo

92 1788 239 1874 positum
257 1788 366 1872 ipsum
384 1788 514 1871 quidem
532 1810 599 1852 non
617 1788 769 1875 cernitur,
788 1789 865 1874 quia
882 1791 992 1854 nullus
1006 1789 1109 1854 radio-

93 1916 226 1959 rumex
245 1895 339 1959 oculo
359 1895 535 1959 effusorum
554 1895 646 1959 adid
665 1895 794 1981 adcidit,
816 1918 931 1960 uerum
949 1895 1107 1960 terminus

95 2001 165 2066 eius
185 1999 338 2085 cernitur,
359 1999 421 2064 hoc
440 2005 490 2065 est
509 2000 651 2065 ambitus
671 1998 805 2088 (lineam
823 2001 902 2066 dicit
920 2002 961 2065 ad
980 2002 1110 2065 oculum

94 2106 247 2192 positam,
268 2128 349 2190 quae
368 2106 500 2190 reliquis
519 2107 668 2190 partibus
681 2108 771 2192 plani
789 2107 934 2172 officiens
947 2107 1110 2193 prohibet,

94 2236 137 2278 ne
160 2213 294 2297 planum
318 2210 491 2299 cernatur).
497 2211 525 2299 2)
571 2215 682 2279 eadem
705 2219 813 2280 autem
838 2237 943 2300 causa,
966 2237 1047 2299 quae
1071 2216 1109 2279 de

95 2320 196 2405 plano
221 2319 261 2383 ad
284 2319 446 2384 oculum
437 2343 472 2383 111
490 2321 592 2386 direct
578 2325 613 2386 to
632 2322 720 2406 posit
723 2343 741 2385 ο
707 2322 858 2406 ttuale,
835 2321 981 2386 tetiam
1000 2321 1111 2405 efficit,

95 2432 136 2492 ut
159 2448 198 2490 ex
221 2426 359 2490 arcubus
382 2425 418 2489 in
441 2426 553 2491 eodem
576 2427 674 2510 plano
696 2428 828 2513 positis,
849 2374 887 2491 111
910 2449 973 2510 quo
998 2427 1109 2491 oculus

96 2537 157 2618 est,
171 2532 279 2617 imago
294 2536 401 2597 rectae
415 2534 595 2616 proueniat.
615 2534 703 2599 aliud
713 2538 821 2598 autem
831 2533 936 2597 maius
947 2534 1110 2619 adparere,

96 2639 157 2704 ubi
175 2638 284 2723 plures
302 2635 417 2726 radii³)
438 2639 596 2724 adcidant,
615 2640 703 2704 aliud
721 2640 862 2724 aequale,
880 2640 937 2704 ubi
952 2640 1111 2725 aequales,

171 2798 196 2865 1)
215 2795 296 2864 Prop.
316 2801 350 2848 22
370 2795 527 2866 explicatur
545 2797 573 2849 et
593 2795 779 2850 confirmatur.

95 2920 97 2925 ,
172 2870 198 2936 )
172 2866 294 2920 Η111
313 2866 400 2920 uerba
419 2866 574 2937 discipulus
599 2867 632 2921 de
652 2884 702 2921 suo
722 2866 835 2921 addidit
857 2867 894 2922 ad
914 2866 1112 2937 explicandum

95 2937 270 2993 uocabulum
288 2935 460 3028 περιφέρεια,

171 3012 197 3079 3)
171 3008 322 3063 3111111111
340 3007 396 3061 dici
415 3007 538 3078 με1ζονες
557 3007 664 3079 γωνίαι
694 3012 817 3064 ceterum
835 3025 908 3078 quae
923 3011 1078 3077 sequuntur
1094 3024 1111 3060 a

96 3079 240 3135 uocabulo
261 3077 417 3149 φαίνεσθαι
435 3080 484 3134 lin.
504 3087 551 3149 26,
575 3080 649 3134 male
673 3098 736 3134 cum
758 3080 1006 3162 praecedentibus
1011 3079 1112 3132 cohae-

97 3154 163 3206 rent
185 3167 237 3205 nec
259 3150 306 3205 hic
329 3151 422 3204 locum
445 3152 548 3206 habere
572 3151 710 3206 uidentur.
748 3151 804 3205 nisi
826 3152 929 3205 lacuna
951 3150 1041 3205 maior
1060 3153 1111 3219 est,

96 3222 254 3292 discipulus
273 3222 361 3276 uerba
379 3222 502 3276 Theonis
523 3240 623 3292 parum
641 3223 790 3277 intellexit.

97 3367 201 3421 εὐθεῖα
216 3365 367 3448 1111111111.
427 3370 468 3420 21.
485 3364 544 3436 dud]
561 3365 648 3420 deleo.
705 3365 762 3435 ὕψη
777 3384 803 3420 1
860 3362 1012 3434 1111111111.
1069 3369 1110 3418 23,

96 3436 230 3508 ἡ(111.)]
222 3454 315 3492 mras.
325 3436 358 3490 V.
405 3441 447 3489 25.
463 3436 646 3527 ἀποδιδόναι]
660 3437 861 3507 ἀποδοθῆναιῗ
906 3437 975 3490 Post
987 3433 1110 3490 1111111111

96 3506 164 3576 περί
182 3527 218 3563 m.
233 3523 287 3562 rec.
302 3507 335 3562 V
392 3514 434 3561 27.
454 3506 583 3571 πλείονος
600 3509 633 3578 V,
654 3525 722 3563 corr
742 3527 777 3564 m.
792 3525 845 3563 rec.
902 3506 1111 3578 ἐπιβάλλωσιρ.
