2424 3944
484 205 716 258 CATOPTRIOA.

570 422 620 486 30.

157 560 186 625 Ε
208 561 346 645 speculis
366 561 517 626 concauis
537 562 691 626 aduersus
710 561 812 626 solem
832 561 996 624 conuersis
1015 560 1101 646 ignis

88 666 286 732 adcenditur.

158 792 201 855 sit
224 795 329 857 ΑΒΓ
351 793 518 877 speculum
541 814 732 877 concauam,
760 796 823 856 ΕΖ
846 796 955 856 autem
980 791 1042 876 sol,
1070 794 1102 854 et

90 904 238 964 centrum
258 899 377 983 speculi
397 903 434 984 Θ,
452 904 485 964 et
504 922 524 963 a
541 903 662 984 puncto
682 898 791 984 aliquo
805 905 838 963 A
857 899 897 963 ad
911 902 1057 963 centrum
1074 901 1102 960 Θ

568 1006 665 1070 ducta
688 1013 721 1070 A
729 1010 757 1070 Θ
781 1005 821 1069 ad
843 1009 872 1069 Β
895 1005 1103 1090 producatur,

568 1113 696 1177 adcidat
720 1118 830 1177 autem
848 1115 920 1176 AF
938 1111 1046 1175 radius
1071 1114 1103 1173 et

568 1220 609 1282 ad
622 1223 657 1282 K
670 1219 876 1302 refringatur.
906 1219 1104 1303 refringatur

567 1325 670 1411 igitur
689 1347 787 1408 supra
802 1331 948 1389 centrum
965 1329 1008 1410 Θ;
1026 1346 1103 1387 narn

568 1437 643 1508 LII
661 1432 702 1494 ad
722 1430 882 1494 ambitum
900 1430 1027 1514 positus
1046 1429 1104 1493 rni-

568 1561 629 1602 ncr
666 1543 716 1601 est
747 1536 873 1619 reliquo
906 1536 1025 1621 angulo
1063 1536 1104 1598 ad

569 1644 728 1709 ambitum
738 1644 857 1729 posito,
865 1642 1026 1707 scilicctB
1033 1643 1102 1704 ΓΔ.

569 1756 602 1814 ct
635 1749 678 1814 sit
711 1772 804 1814 arcus
833 1753 899 1813 AB
927 1748 1015 1812 arcui
1041 1749 1108 1811 ΒΓ

570 1855 723 1941 aequalis,
745 1860 778 1919 et
799 1877 818 1918 a
836 1860 869 1918 A
893 1854 975 1918 alius
993 1853 1102 1918 radius

570 1963 697 2028 adcidat
714 1967 787 2027 AA.
825 1960 1033 2026 manifestum
1052 1964 1103 2023 est

569 2070 681 2155 igitur,
699 2069 826 2133 radium
841 2072 873 2131 A
878 2074 911 2131 A
926 2068 1102 2131 refractum

91 2177 131 2240 ad
155 2179 189 2240 K
210 2177 337 2262 cadere,
368 2176 444 2260 quia
467 2198 561 2241 arcus
585 2181 651 2240 AB
675 2176 764 2241 arcui
788 2177 855 2239 ΒΓ
877 2174 1021 2258 aequalis
1045 2178 1102 2237 est.

90 2283 203 2348 eodem
226 2284 322 2348 modo
347 2283 656 2370 demonstrabimus,
685 2306 796 2348 omnes
824 2282 932 2346 radios
961 2304 980 2345 a
1002 2287 1035 2344 A
1062 2280 1103 2342 ad

91 2389 257 2472 speculum
280 2389 464 2454 adcidentes
488 2395 521 2455 et
540 2392 690 2475 aequales
709 2413 803 2455 arcus
823 2388 1047 2454 abscindentes
1068 2386 1104 2449 in

90 2496 203 2560 ecdem
217 2501 339 2580 puncto
354 2518 453 2580 supra
469 2500 498 2560 Θ
510 2498 619 2581 posito
634 2520 708 2563 eum
722 2501 810 2561 recta
825 2498 890 2559 ΒΘ
905 2513 1102 2558 concurrere.

157 2642 268 2683 rursus
298 2622 403 2684 ΑΒΓ
427 2621 594 2703 speculum
622 2642 800 2685 concauum
828 2619 886 2704 sit,
918 2617 966 2681 sol
995 2619 1103 2679 autem

90 2729 205 2809 AEZ,
238 2730 270 2789 et
299 2748 318 2789 a
345 2730 466 2809 puncto
495 2725 603 2809 aliquo
631 2731 663 2790 E
691 2748 750 2809 per
775 2729 804 2789 Θ
831 2729 979 2790 centrum
1006 2723 1103 2787 ducta

91 2829 135 2893 sit
159 2834 271 2910 ΕΘΒ,
305 2830 345 2894 ab
376 2830 449 2894 aliis
476 2835 585 2895 autem
613 2834 707 2915 A,Z
738 2834 845 2894 rectae
868 2833 978 2914 ΑΘΓ,
999 2833 1102 2893 ΖΘΑ.

91 2941 187 3000 antea
209 2936 312 3022 igitur
336 2936 640 3022 demonstrauimus,
662 2935 770 3000 radios
795 2937 834 3000 ab
855 2941 886 3000 E
908 2937 1022 3000 ductos
1045 2957 1103 3018 per

90 3065 124 3106 se
152 3042 241 3126 ipsos
269 3042 420 3128 refringi,
453 3043 528 3126 quia
552 3048 627 3118 LII
638 3074 678 3095 =
694 3047 725 3106 P
748 3042 852 3127 [prop.
872 3041 921 3128 3];
953 3039 1104 3106 diametri

89 3341 136 3410 Iy'
151 3359 187 3396 m.
279 3345 321 3394 21.
342 3340 443 3466 ἅλλωιῲ
463 3362 517 3395 -ων
536 3357 551 3394 e
570 3357 638 3394 corr.
658 3359 682 3394 v.
763 3338 823 3411 διά]
843 3357 896 3395 cm.
916 3358 951 3394 m.
1034 3348 1101 3483 aaa}

89 3412 120 3466 cd
143 3412 177 3468 V.
268 3411 298 3465 αἱ
342 3409 390 3466 καί
546 3417 588 3466 22.
618 3408 824 3482 προδεδίχαμεν
851 3430 877 3466 v,
975 3418 1017 3465 23.
1046 3411 1086 3474 εἰς

90 3481 136 3551 ἐφ’
154 3484 191 3537 Μ,
281 3484 347 3554 τας]
375 3499 437 3546 -ce
459 3499 527 3540 corr.
547 3484 585 3554 V,
614 3491 663 3553 τῆς
685 3483 722 3537 M.
814 3487 855 3536 24.
885 3480 1029 3552 διάμετροι
1048 3481 1101 3553 γάρ

90 3555 173 3626 εἰσιν]
193 3572 245 3610 om.
263 3573 299 3610 m.
