2424 3944
133 910 160 974 1.
197 909 373 993 Λιοίστημα
399 932 430 993 p.
456 911 490 993 2,
515 908 549 993 3]
582 911 656 992 ἤτοι
687 912 768 975 κατὰ
800 909 987 985 διαστάσεις
1018 908 1072 974 καὶ

63 1017 123 1093 τὰς
146 1013 202 1080 ἀπ’
224 1015 374 1098 ἀλλήλων
397 1014 604 1100 ἄποτμήσεις.

132 1143 161 1204 2.
191 1137 245 1205 Ἐν
265 1141 459 1224 διαστήματι
476 1164 506 1225 p.
522 1140 553 1224 4,
569 1139 602 1224 1]
622 1140 770 1206 τουτέστι
788 1142 870 1205 ιιατδι
890 1141 1072 1206 διάστασιν.

132 1266 160 1330 3.
203 1261 381 1328 Τουτέστιν
410 1262 479 1329 ἐπεὶ
505 1266 549 1348 μὴ
578 1276 726 1352 συνεχεῖς
751 1268 1016 1350 προσπίπτουσιν
1039 1269 1076 1331 αί

63 1375 171 1455 ὄψεις,
199 1370 282 1436 ἀλλὰ
305 1371 389 1455 γατδι
417 1371 593 1455 διάστημα,
622 1374 756 1436 ἔσονταί
774 1395 848 1436 τινα
877 1371 981 1460 ἐντῷ
1005 1378 1075 1437 ΑΛ
1110 1390 1126 1439 5

65 1480 272 1563 διαστήματι,
286 1478 378 1564 πρὸς
400 1476 421 1542 δ
445 1479 481 1541 αί
501 1479 595 1554 ὄψεις
617 1477 657 1540 οὐ
680 1487 952 1561 προσπεσοῦνται.

131 1605 161 1667 4.
192 1608 258 1667 Δεῖ
274 1603 341 1732 γὰρ
366 1602 406 1666 τδι
424 1601 575 1685 ὁρώμενα
594 1600 776 1666 ἀπόστασίν
793 1625 868 1667 τινα
887 1605 973 1686 ἔχειν
991 1604 1075 1689 πρὸς

64 1709 104 1773 τὸ
123 1711 222 1793 ὅμμαζ
242 1709 328 1773 οὕτω
348 1710 411 1794 γαρ
430 1708 644 1794 δραδήσεται·
664 1707 708 1784 ὡς
727 1713 760 1772 εί
774 1731 811 1790 γε
828 1710 990 1794 μηδεμίαν
1009 1712 1074 1794 ἔχει

66 1814 259 1899 ἀπόστασιν,
282 1815 342 1899 οὐχ
366 1815 576 1930 ὁραδήσεται.
621 1838 629 1848 ·

126 1940 162 2004 ὁ
194 1939 369 2020 Μείζων“
351 1965 392 2004 αν
412 1934 455 2022 ἦν
478 1948 535 2023 τῆς
559 1943 672 2024 rAp.
690 1942 712 2004 4
717 1937 799 2027 20]
823 1940 992 2025 μάνθανε,
1020 1943 1076 2006 δια
1095 1956 1128 2003 10

64 2049 103 2110 τί
124 2049 242 2130 μείζων
268 2046 288 2130 ἡ
312 2051 347 2111 Κ
352 2051 383 2111 Λ
410 2055 467 2130 τῆς
491 2049 553 2111 ΓΛ
579 2049 686 2111 καίτοι
715 2053 769 2131 ίση
796 2044 880 2113 οὖσα
907 2049 989 2113 ιιατα
1016 2051 1077 2133 τὴν

65 2153 242 2235 ὑπόθεσιν,
262 2154 341 2218 ὅταν
356 2149 474 2238 διέλθῃ
490 2150 544 2217 καὶ
560 2153 580 2235 ἡ
594 2156 664 2216 ΕΚ
678 2151 733 2217 καὶ
747 2152 767 2236 ἡ
782 2158 848 2218 ΕΛ
866 2155 922 2219 διδι
936 2164 993 2238 τῆς
1008 2158 1076 2219 ΓΛ.

66 2257 137 2324 ἐπεὶ
160 2259 367 2342 παράλληλος
391 2258 522 2343 ἐλήφθη
545 2257 565 2341 ἡ
586 2262 647 2323 ΓΔ
669 2269 709 2344 τῇ
728 2263 806 2343 ΚΛ,
828 2258 883 2324 καὶ
907 2263 953 2336 είς
976 2261 1078 2336 αὐτὰς

66 2363 276 2449 ἐμπέπτωκεν
300 2365 414 2430 εὐθεῖα
437 2365 457 2449 ἡ
481 2370 561 2448 ΚΕ,
585 2364 713 2449 ἐγένετο
737 2365 756 2449 ἡ
781 2366 872 2443 ἐκτὸς
895 2370 999 2449 γωνία
1023 2373 1077 2451 ἴση
1153 2409 1165 2437 .

65 2481 107 2557 τῇ
132 2470 223 2548 ἐντὸς
249 2470 304 2537 καὶ
328 2471 526 2537 ἀπεναντίον
552 2471 572 2555 ἡ
595 2472 661 2536 ὑπὸ
684 2475 786 2537 ΔΓΕ
811 2483 851 2558 τῇ
878 2473 943 2538 ὑπὸ
968 2477 1076 2539 ΛΚΓ.
1097 2487 1130 2535 15
1183 2481 1186 2484 ⁴

65 2579 124 2643 διδι
147 2580 205 2643 τὸν
229 2579 330 2643 αὐτὸν
354 2580 454 2663 λόγον
477 2576 532 2642 καὶ
555 2579 574 2662 ἡ
597 2579 681 2665 πρὸς
698 2588 744 2666 τῷ
763 2584 796 2643 Δ
818 2590 857 2666 τῇ
874 2582 958 2667 πρὸς
977 2590 1022 2668 τῷ
1037 2585 1076 2646 Λ.

65 2689 137 2752 ἔστι
160 2681 197 2750 δὲ
219 2683 274 2750 καὶ
296 2687 390 2769 κοινὴ
415 2688 519 2766 γωνία
546 2684 566 2767 ἡ
590 2687 673 2769 πρὸς
695 2695 741 2774 τῷ
764 2691 808 2750 Ε·
840 2690 899 2751 καί
924 2690 987 2752 είσι
1016 2688 1077 2752 δύο

64 2796 214 2877 τρίγωνα
236 2794 277 2857 τὰ
291 2795 405 2882 ΤΕΛ,
424 2795 527 2855 ΚΕΛ
549 2792 607 2867 τὰς
629 2804 716 2877 τρεῖς
739 2795 861 2874 γωνίας
885 2799 957 2870 ίσας
980 2794 1078 2877 ἀλλή-

65 2904 142 2974 λαις
165 2901 282 2982 ἔχοντα
304 2937 348 2944 -
370 2898 390 2981 ἡ
413 2899 497 2982 πρὸς
519 2908 565 2985 τῷ
589 2901 621 2962 Γ
643 2908 682 2983 τῇ
705 2901 788 2984 πρὸς
810 2910 855 2988 τῷ
878 2904 924 2984 K,
952 2899 972 2983 ἡ
996 2902 1078 2985 πρὸς

63 3014 113 3093 τῷ
137 3011 170 3069 Δ
192 3015 232 3091 τῇ
255 3006 338 3092 πρὸς
359 3013 405 3093 τῷ
430 3010 470 3089 Λ,
492 3007 587 3090 κοινὴ
610 3005 630 3088 ἡ
653 3007 736 3092 πρὸς
758 3016 803 3094 τῷ
826 3012 858 3071 Ε
877 3044 928 3090 —,
951 3018 1019 3071 τῶν
1042 3004 1079 3072 δὲ
1097 3018 1132 3066 20

141 3197 395 3255 LW.2Nz
469 3199 559 3254 &W
633 3198 721 3253 AEVQ
796 3198 888 3254 &W

67 3312 129 3319 —-

142 3382 183 3430 12.
208 3376 260 3429 Per
274 3369 375 3430 ’τοίνυν
399 3376 483 3430 schol.
509 3380 534 3430 Ε
555 3377 678 3445 positum
702 3381 745 3433 esh
767 3395 817 3448 pro
842 3383 872 3434 Β,
961 3378 1077 3449 ἡ(ο1ῖ.)]
1142 3427 1147 3436 .

50 3463 224 3526 ⁴suprascr.
302 3449 686 3519 Qfflffiamna
