2424 3944
118 150 162 214 20
458 148 628 201 EUCLIDIS
648 147 785 200 01⁷r10A.

117 297 155 360 τὸ
178 299 244 359 AB
272 298 433 379 φαίνεται.
479 294 516 357 τὸ
541 294 604 356 ΓΕ
629 293 693 374 ἀρα
720 298 779 355 τοῦ
803 295 871 354 ΕΔ
898 291 1132 373 ταπεινότερον

119 405 287 486 φαίνεται,
311 401 347 465 τὸ
372 396 408 463 δὲ
431 405 498 464 ΕΛ
521 408 581 463 τοῦ
603 402 679 462 AB.

598 573 655 659 ιβ’.

191 707 265 766 Τῶν
284 705 331 778 εἰς
349 703 583 788 τοόμπροσθεν
601 710 703 785 μῆκος
722 699 865 784 ἐχόντων
883 700 923 764 τά
937 697 998 783 μὲν
1013 698 1049 763 έν
1064 710 1134 773 τοῖς

85 824 101 872 5
120 808 240 886 δεξιοῖς
263 811 310 884 εἰς
332 810 372 873 τά
395 807 551 894 ἀριστερά
575 808 668 872 δοκεῖ
683 813 864 892 παρῆχθαι,
886 807 927 870 τά
947 803 983 870 δὲ
1007 805 1043 869 ἐν
1064 817 1133 881 τοῖς

119 916 304 1002 ἀριστεροῖς
327 917 374 991 εἰς
396 917 436 980 τά
460 914 558 992 ὃεξιά.

185 1026 267 1088 ε”στω
296 1023 358 1088 δύο
386 1022 537 1109 ὁρώμενα
560 1020 684 1106 μεγέθη
712 1023 751 1086 τά
774 1026 855 1104 AB,
875 1024 949 1103 ΓΔ,
980 1023 1068 1104 ὄμμα
1097 1016 1133 1084 δὲ

119 1133 201 1195 ἔστω
229 1131 266 1195 τὸ
290 1135 334 1211 Ε,
367 1127 425 1213 ἀφ’
451 1125 492 1193 οὗ
520 1125 813 1213 προσπιπτέτωσαν
841 1127 971 1203 ἀκτῖνες
998 1128 1035 1190 αἱ
1055 1131 1132 1208 ΕΘ,
1178 1131 1181 1137 ’

118 1240 476 1321 EK,EA,EZ,EH‚
496 1239 567 1300 ΕΓ.
610 1233 705 1318 ιε’γω,
1180 1215 1183 1222 ’

66 1356 100 1405 10
119 1345 170 1409 ὄτι
198 1344 235 1407 αἱ
260 1339 320 1426 μὲν
347 1346 425 1424 ΕΖ,
448 1345 532 1424 ΕΗ,
555 1344 623 1406 ΕΓ
650 1343 706 1406 ἀο-

118 1458 237 1515 ιιοῶσιν
251 1450 298 1524 εἰς
311 1448 351 1511 τά
366 1447 521 1534 ἀριστερά
535 1454 707 1533 μετῆχθαι,

119 1558 157 1622 αἱ
194 1552 230 1620 δέ
266 1559 346 1639 ΕΘ,
373 1558 454 1639 ΕΚ,
482 1560 549 1619 ΕΑ
584 1558 631 1631 εἰς
666 1555 707 1619 τά

119 1662 218 1740 ἀεξιά.
255 1660 324 1727 ἐπεὶ
346 1663 409 1748 γάρ
432 1660 453 1745 ἡ
476 1667 539 1727 ΕΖ
562 1672 620 1746 τῆς
638 1666 711 1726 ΕΗ

120 1771 188 1835 ἐστι
216 1767 405 1855 ὃεξιωτέρα,
438 1768 456 1851 ἡ
486 1766 522 1833 δὲ
549 1773 623 1833 ΕΗ
650 1779 708 1853 τῆς

67 1889 100 1938 15
119 1878 197 1958 ΕΓ,
230 1875 388 1940 ἐντεῦθεν
420 1877 484 1959 ἀρα
514 1875 534 1958 ἡ
562 1879 630 1941 ΕΓ
651 1886 709 1960 τῆς

119 1986 193 2046 ΕΗ
212 1981 305 2045 δοκεῖ
325 1983 373 2056 εἰς
395 1981 435 2044 τά
458 1981 613 2066 ἀριστερά
635 2005 707 2066 μετ-

119 2093 241 2171 ῆχθαι,
284 2085 305 2169 ἡ
347 2082 384 2150 δέ
419 2091 496 2151 ΗΕ
535 2096 592 2170 τῆς
632 2093 708 2153 ΕΖ.

120 2193 242 2277 ὁμοίως
267 2191 324 2256 καὶ
351 2193 388 2257 αἱ
413 2196 493 2277 ΕΚ,
516 2198 593 2278 ΕΑ,
617 2199 683 2259 ΕΘ
715 2197 873 2260 δοκοῦσιν
901 2197 947 2271 εἰς
969 2196 1016 2259 ’τά
1044 2195 1137 2274 δεξιὰ

119 2306 291 2385 μετῆχθαι.

67 2403 103 2455 20
451 2401 453 2405 '
601 2389 657 2472 ιγ’.

193 2519 266 2579 Τῶν
295 2520 377 2578 έσων
402 2521 555 2598 μεγεθῶν
582 2513 638 2579 καὶ
663 2514 728 2580 ὑπὸ
752 2516 789 2580 τὸ
813 2514 894 2580 αὐτὸ
918 2517 1005 2600 ὄμμα
1028 2516 1136 2601 κειμέ-

119 2644 189 2687 νων
213 2622 253 2685 τά
275 2622 389 2705 πόρρω
412 2623 635 2706 μετεωρότερα
657 2624 821 2706 φαίνεται.

188 2730 269 2792 έστω
295 2732 349 2791 ῖσα
372 2726 495 2811 μεγέθη
520 2728 561 2791 τὰ
583 2732 660 2812 AB,
684 2732 754 2811 ΓΔ,
777 2734 855 2811 ΕΖ,
879 2731 966 2813 ὄμμα
990 2726 1027 2793 δὲ
1050 2732 1137 2795 ἔστω

121 2835 157 2899 τὸ
181 2838 221 2898 Η
239 2835 479 2919 μετεωρότερον
500 2837 653 2918 κείμενον
675 2846 743 2899 τῶν
766 2842 932 2919 μεγεθῶν,
954 2834 1010 2900 καὶ
1032 2855 1138 2923 προσ-

70 2953 104 3003 25
122 2939 330 3006 πιπτέτωσαν
354 2938 483 3016 ἀκτῖνες
505 2941 542 3005 αἱ
562 2945 644 3024 HA,
667 2943 746 3025 ΗΓ,
769 2945 849 3007 ΗΕ.
894 2941 994 3027 λέγω,
1022 2944 1073 3009 ὄτι
1097 2947 1138 3010 τὸ

122 3052 189 3112 AB
207 3056 267 3111 τοῦ
283 3050 344 3110 ΓΛ
362 3049 602 3133 μετεωρότερον
620 3051 783 3134 φαίνεται,
800 3051 837 3114 τὸ
858 3047 893 3114 δὲ
909 3054 970 3115 ΓΔ
987 3059 1047 3114 τοῦ
1062 3056 1139 3117 ΕΖ.

123 3153 192 3218 ἐπεὶ
215 3155 278 3237 γάρ
302 3152 322 3235 ἡ
345 3157 414 3217 HA
436 3162 494 3237 τῆς
515 3156 589 3218 ΗΓ
607 3153 675 3220 ἐστι
698 3155 934 3242 μετεωροτέρα,
961 3156 981 3240 ἡ
1006 3154 1043 3221 δὲ
1066 3163 1144 3223 ΗΓ

122 3269 180 3343 τῆς
201 3264 282 3342 ΗΕ,
304 3257 360 3323 καὶ
383 3259 419 3324 έν
443 3253 469 3346 ᾧ
492 3263 577 3325 εἰσιν
601 3263 638 3326 αῖ
657 3267 735 3346 HA,
757 3268 836 3347 ΗΓ,
859 3268 943 3346 ΗΕ,
967 3267 1137 3353 ἐντούτῳ

163 3435 167 3449 ”
194 3439 218 3487 2.
239 3434 303 3504 AB]
329 3437 385 3488 ΔΕ
402 3434 468 3488 Vm.
542 3441 566 3490 3.
587 3436 639 3508 ιβ’]
660 3438 698 3509 ιγ’
719 3438 799 3493 codd.
877 3444 902 3492 4.
921 3439 952 3493 τὸ
973 3439 1138 3508 ἔμπροσθεν

123 3505 177 3559 Bv.
243 3511 319 3560 7-8.
341 3503 406 3559 ἔστω
426 3503 457 3560 δὲ
478 3505 552 3576 ὄμμα
570 3509 693 3564 BVat.v.
759 3516 783 3564 8.
803 3510 926 3582 ἀκτῖνες]
946 3527 960 3564 ο
979 3528 1048 3565 corr.
1068 3512 1138 3566 Vat.
