2424 3944
409 179 580 232 EUCLIDIS
599 180 738 233 OPTIOA.
1058 177 1079 241 9

65 325 119 390 lis,
166 346 245 410 ergo
269 325 331 406 bey
353 322 473 409 angulo
496 323 556 389 aab
585 323 722 409 angulus
746 323 850 388 maior
873 328 931 388 est,
976 323 1081 388 maius

66 453 147 518 ergo
171 431 336 495 uidebitur
359 431 402 495 ab
431 451 528 514 quam
550 430 600 512 by.
645 452 776 495 rursum
800 430 950 495 similiter
973 430 1001 494 si
1024 452 1082 514 per

64 542 226 624 punctum
241 558 263 619 9
281 540 388 602 reatae
407 538 448 602 de
464 535 621 621 parallela
637 537 782 621 dueatur,
799 537 904 601 maius
918 537 1082 602 uidebitur

65 646 110 727 bg}
134 666 232 729 quam
251 645 307 725 qd.

135 838 297 925 Aequales
339 838 536 923 quantitates
577 837 793 922 inaequaliter
834 838 991 903 distantes
1032 838 1083 903 in-
1119 847 1135 897 5

68 946 221 1031 aequales
240 948 398 1030 apparent
421 950 454 1009 et
472 944 576 1010 maior
597 967 724 1028 semper
741 945 956 1029 propinquius
974 946 1083 1012 iacens

67 1054 172 1118 ocule.

136 1160 203 1224 sint
236 1160 317 1223 duae
351 1159 500 1243 aequales
529 1157 770 1244 magnitudines
798 1160 855 1242 ab,
875 1161 938 1244 qd,
970 1160 1081 1225 oculus

66 1287 148 1330 uero
172 1265 216 1329 sit
239 1287 267 1350 e,
294 1288 313 1329 a
336 1286 400 1348 quo
423 1264 637 1348 inaequaliter
660 1265 795 1349 distent,
824 1266 930 1350 sitque
952 1265 1083 1350 propin·

68 1371 167 1456 quius
191 1371 242 1435 ab.
284 1371 370 1455 dieu,
399 1372 486 1454 quod
513 1371 618 1436 maius
646 1371 815 1456 apparebit
838 1373 889 1437 ab.
936 1372 1082 1438 accidant
1102 1382 1136 1430 10

68 1478 159 1544 enim
186 1476 270 1542 radii
297 1499 350 1562 ea,
372 1478 409 1542 eb
442 1482 475 1541 et
502 1499 540 1561 eq
570 1483 603 1542 et
630 1481 678 1543 ed.
734 1479 888 1562 quoniam
915 1501 993 1565 ergo
1022 1481 1082 1544 sub

67 1583 250 1650 maioribus
274 1583 402 1670 angulis
425 1583 497 1648 uisa
519 1584 645 1648 maiora
663 1588 830 1669 apparent,
851 1585 955 1649 maior
974 1589 1082 1650 autem

67 1691 211 1776 angulus
243 1690 306 1755 deb
343 1712 440 1774 quam
470 1691 549 1775 ped,
585 1689 690 1754 maius
727 1712 805 1777 ergo
838 1691 1008 1774 apparebit
1039 1692 1082 1756 ab

66 1820 168 1882 quam
187 1798 241 1879 qd.

137 1991 402 2078 Aequidistantia
421 1991 601 2076 spatiorum
619 2013 637 2056 e
661 1992 817 2058 distantia
838 1993 911 2058 uisa
927 1994 1082 2080 inaequa-
1102 2005 1135 2053 15

67 2100 113 2165 lis
137 2097 371 2186 magnitudinis
394 2103 559 2182 apparent.

591 2206 657 2271 sint
671 2207 751 2272 duae
765 2208 938 2291 parallelae
953 2208 1082 2292 quanti-

581 2317 631 2378 tes
664 2314 721 2396 ab,
741 2315 801 2400 qd,
833 2315 945 2381 oculus
974 2320 1082 2380 autem

546 2421 590 2485 sit
612 2442 636 2486 a
682 2419 769 2505 dieo,
797 2423 884 2506 quod
908 2423 951 2486 ab
979 2426 1012 2485 et
1036 2422 1085 2503 qd

467 2539 510 2600 Is
544 2527 726 2612 inaequalis
767 2527 950 2592 latitudinis
987 2550 1083 2612 appa·
1101 2541 1136 2589 20

483 2664 490 2681 ν
546 2640 628 2720 rent,
647 2639 680 2699 et
698 2633 803 2699 maius
819 2634 989 2718 apparebit
1004 2657 1084 2700 sem-

121 2697 496 2847 R-AA
545 2741 824 2827 perpropinquius
835 2742 976 2827 spatium
986 2764 1084 2825 quam

129 2821 453 3016 ΧΨ
548 2847 715 2914 remotius.
765 2849 913 2915 accidant
941 2848 1023 2912 radii
1046 2848 1083 2913 eb

550 2960 583 3019 et
606 2975 643 3021 ea
666 2960 698 3020 et
721 2961 769 3041 et,
790 2956 838 3041 ele,
861 2956 893 3021 el
915 2960 948 3020 et
970 2957 1024 3042 ed,
1052 2960 1085 3021 et

267 3040 302 3097 Π
552 3063 790 3150 coniungantur
807 3064 858 3147 bd,
876 3063 919 3147 al,
937 3062 979 3127 ta.
1008 3085 1084 3147 quo·
1103 3075 1136 3124 25

70 3171 164 3237 niam
183 3192 261 3258 ergo
280 3173 383 3237 maior
407 3176 456 3237 est
479 3173 544 3238 bed
570 3170 708 3257 angulus
737 3170 856 3256 angulo
883 3169 950 3252 rel,
981 3170 1085 3235 maior

70 3299 153 3364 ergo
190 3279 235 3343 bd
270 3279 400 3363 quidem
432 3278 519 3342 linea
558 3300 655 3361 quam
686 3277 720 3343 al
755 3281 898 3362 apparet.
956 3300 1086 3343 rursum

146 3476 187 3525 16.
211 3470 428 3543 magnitudinis]
451 3488 501 3526 scr.
525 3467 694 3523 latitudinis.
786 3475 828 3525 25.
856 3472 902 3543 al]
930 3489 943 3526 e
966 3488 1033 3527 cerr.
1055 3471 1086 3524 D

70 3545 94 3612 (l
111 3560 214 3614 seraper
232 3559 300 3598 cerr.
320 3546 351 3598 da
368 3545 419 3598 bae
432 3545 532 3612 prop).
