2424 3944
130 125 193 189 198
337 127 548 179 omcossnu
566 126 745 178 Βεοωωειο
765 125 932 178 mom.

127 267 183 335 καλ
213 272 337 336 κείσθω
370 271 408 336 τὸ
436 268 524 354 ὄμμα
556 268 610 335 ἐπὶ
636 277 696 334 τοῦ
728 274 766 335 Θ.
817 265 902 353 φημὶ
932 268 974 352 δὴ
1003 270 1150 335 ἔλασσον

127 377 343 461 ὀφθήσεσθαι
366 385 425 441 τοῦ
444 377 555 441 κώνου
579 377 615 441 τὸ
634 375 805 462 ὁρώμενον
826 373 984 451 τεθέντος
1007 384 1069 441 τοῦ
1090 375 1149 462 ὄμ-

126 507 228 568 ματος
251 481 304 549 ἐπὶ
326 493 387 549 τοῦ
409 487 437 548 Θ
460 486 596 567 σημείου
614 484 696 568 ἥπερ
716 480 770 547 ἐπὶ
788 489 848 547 τοῦ
867 485 908 546 Σ.
946 480 1149 568 ἐπεζεύχθω-

128 608 192 657 σαν
214 592 277 677 γὰρ
302 590 366 655 ἀπὸ
388 598 449 654 τοῦ
471 596 505 655 A
533 591 669 674 σημείου
698 586 751 654 ἐπὶ
774 589 815 654 τὰ
840 591 884 672 Θ,
904 592 939 653 Σ
963 601 1084 674 σημεῖα
1113 592 1151 656 αί

92 704 161 761 οΔ
168 701 211 782 Θ,
230 704 264 763 Δ
270 701 305 762 Σ
329 695 384 761 καὶ
413 696 690 781 ἐκβεβλήσθωσαν
718 693 771 761 ἐπὶ
799 695 839 760 τὰ
865 700 914 779 Ν,
934 700 974 761 A.
1020 697 1149 763 οὐκοῦν

126 803 183 869 ἐπί
207 827 241 869 τε
269 810 330 868 τοῦ
353 806 393 868 Ν
419 802 475 868 καὶ
503 801 556 868 ἐπὶ
584 812 644 867 τοῦ
672 806 704 866 A
736 805 873 886 σημείου
900 800 1059 881 τεθέντος
1086 814 1148 870 τοῦ

127 908 273 994 ὄμματος
300 912 398 975 ὄνισα
426 913 580 994 φαίνεται
607 910 648 973 τὰ
673 909 824 995 ὁρώμενα
850 917 911 974 τοῦ
935 910 1063 995 κώνου,
1092 910 1148 977 καὶ

126 1018 267 1081 ἔλασσον
294 1012 355 1100 μὲν
383 1019 537 1100 φαίνεται
564 1017 601 1081 τὸ
629 1016 712 1099 πρὸς
739 1025 785 1104 τῳ
813 1021 863 1100 N,
895 1020 1006 1101 μεῖζον
1037 1014 1078 1083 δδ
1110 1021 1148 1084 τὸ

126 1124 209 1209 πρὸς
227 1132 272 1211 τῳ
288 1127 327 1186 Λ.
362 1129 436 1187 ἴσον
455 1119 547 1187 δὲτὸ
566 1120 627 1206 μὲν
648 1123 733 1207 πρὸς
751 1132 796 1210 τῳ
816 1128 856 1188 Ν
874 1131 920 1211 τῷ
942 1124 1026 1209 πρὸς
1043 1134 1093 1212 τῷ
1110 1129 1147 1210 Θ,

74 1243 108 1292 1ο
126 1230 163 1294 τὸ
188 1225 225 1293 δὲ
247 1231 330 1316 πρὸς
352 1238 398 1316 τῷ
418 1233 449 1293 A
472 1238 518 1317 τῷ
541 1231 624 1315 πρὸς
642 1238 689 1312 τῷ
708 1234 750 1312 Σ,
774 1229 820 1305 ὡς
838 1228 875 1293 ἐν
892 1237 938 1317 τῳ
956 1230 1022 1315 πρὸ
1039 1231 1146 1296 αὐτοῦ

127 1335 269 1421 ἐδείχθη.
315 1345 376 1400 τοῦ
403 1338 467 1421 ὄρα
491 1333 636 1420 ὄμματος
662 1337 746 1422 πρὸς
768 1345 814 1423 τῳ
840 1341 869 1400 Θ
896 1339 1018 1424 σημείῳ
1046 1335 1147 1415 ὄντος

126 1445 267 1509 ἔλασσον
289 1446 443 1528 φαίνεται
470 1444 508 1507 τὸ
532 1442 702 1529 ὁρώμενον
728 1450 789 1506 τοῦ
812 1444 922 1508 κώνου
950 1445 1034 1528 ἤπερ
1061 1446 1147 1531 πρὸς

125 1559 171 1614 τώ
196 1555 237 1615 Σ.

602 1705 666 1773 λδ’.

73 1844 106 1892 15
191 1832 245 1898 'Ev
272 1834 381 1921 κύκλῳ
415 1833 473 1898 ἐὰν
500 1834 565 1898 ἀπὸ
593 1841 653 1897 τοῦ
681 1831 821 1919 κέντρου
848 1835 931 1920 πρὸς
959 1834 1069 1921 δρθώς
1096 1859 1145 1913 τις

126 2044 225 2129 ὄμμα,
249 2051 315 2109 λ’σαι
340 2045 377 2108 αἱ
399 2044 569 2130 διάμετροι
592 2054 652 2110 τοῦ
675 2046 800 2110 κύκλου
824 2049 1013 2130 φαίνονται.

193 2153 275 2215 ἔστω
298 2152 361 2235 γὰρ
385 2151 515 2234 κύκλος,
539 2147 580 2216 οὗ
597 2149 737 2238 κέντρον
754 2152 791 2216 τὸ
812 2156 853 2236 Κ,
875 2149 931 2216 καὶ
950 2151 1015 2217 ἀπὸ
1034 2163 1096 2219 τού
1113 2157 1145 2218 K

125 2258 208 2343 πρὸς
235 2257 342 2342 ὀρθὰς
370 2256 507 2341 ἀνήχθω
535 2268 580 2345 τῳ
611 2257 753 2346 ἐπιπέδῳ
781 2267 841 2323 τοῦ
869 2260 994 2324 κύκλου
1023 2262 1044 2345 ἡ
1068 2265 1141 2345 ΚΒ,

72 2375 107 2425 20
126 2365 163 2428 τὸ
187 2360 224 2428 δὲ
247 2362 335 2448 ὄμμα
357 2367 481 2429 κείσθω
506 2361 559 2428 ἐπὶ
579 2373 639 2429 τοῦ
657 2368 697 2447 Β,
719 2361 774 2428 καὶ
794 2364 964 2451 διάμετροι
981 2367 1141 2450 ἤχθωσαν

126 2472 163 2535 αἱ
181 2473 296 2555 ΓΑ,Δ
303 2476 338 2535 Ζ.
376 2469 462 2556 φημὶ
481 2472 522 2554 δὴ
541 2472 602 2553 τὴν
621 2476 653 2534 A
660 2473 692 2534 Γ
708 2480 747 2556 τῇ
767 2476 800 2534 A
807 2475 835 2534 Z
854 2476 930 2554 ίσην
949 2476 1140 2557 φαίνεσθαι.

126 2576 375 2662 ἐπεζεύχθωσαν
397 2579 461 2664 γὰρ
485 2578 522 2641 αἱ
542 2581 614 2660 BA,
632 2581 706 2660 ΒΖ,
725 2579 797 2661 ΒΓ,
816 2582 888 2642 ΒΔ.
931 2579 1057 2645 οὐκοῦν
1081 2581 1140 2645 δύο

125 2686 163 2749 αί
188 2688 268 2767 ΒΚ,
293 2688 357 2748 ΚΖ
389 2683 467 2749 δυσὶ
495 2695 566 2760 ταῖς
593 2687 673 2766 ΒΚ,
697 2685 768 2747 ΚΓ
795 2689 864 2748 λ’σαι
892 2683 977 2749 εἰσὶν
1006 2684 1139 2772 ἑκατέρα

198 2988 221 3036 2
242 2981 451 3052 ὄφθήσεταιρ,
476 2980 642 3050 ώφθήσεται
659 3001 685 3038 v
778 2982 977 3052 ὡρώμενονν,
1002 2985 1053 3039 sed
1072 3002 1137 3040 corr

163 3060 186 3107 3
208 3054 248 3124 Σ]
269 3070 322 3108 om
342 3071 367 3107 v
451 3059 474 3107 5
494 3054 530 3124 A]
552 3070 620 3109 corr
641 3061 720 3109 exA
743 3072 778 3108 m.
799 3054 867 3108 Π.
950 3059 974 3109 9
994 3057 1136 3128 τω(εοο)]

125 3124 200 3178 τόν.
287 3145 324 3178 τω
339 3125 440 3196 stem]
463 3123 495 3178 τύ
513 3143 568 3193 pv
592 3125 672 3193 etV,
702 3142 771 3181 corr
790 3143 826 3178 m.
846 3140 900 3179 rec
989 3131 1032 3182 10.
1059 3133 1138 3201 τῷΔ

125 3196 175 3286 τω]
194 3195 225 3248 τὸ
245 3179 363 3250 Λτόν.
444 3215 482 3249 τω
496 3198 592 3267 (tertfl
616 3195 647 3249 τό
666 3215 715 3266 pv
799 3202 840 3250 11.
864 3196 914 3268 τω]
932 3195 1010 3253 τόν
1094 3217 1139 3268 ση-

126 3285 255 3335 μειου,
225 3285 242 3319 v
279 3270 308 3320 et
326 3267 359 3335 V,
385 3266 433 3320 sed
452 3283 520 3321 corr
604 3267 690 3348 ὄντως
708 3286 734 3323 v
822 3273 864 3322 12.
885 3251 1013 3323 ἐλάσσων
1032 3270 1066 3340 V,
1092 3270 1139 3325 sed

127 3354 196 3393 corr.
270 3344 311 3392 15
332 3339 457 3393 ἀπὸτοῦ
475 3336 632 3410 κέντρου]
624 3357 654 3391 1n
668 3356 722 3394 ras
738 3357 773 3393 m
790 3345 804 3392 1
825 3338 858 3392 V.
931 3345 974 3395 19.
994 3342 1045 3414 τῷ]
1064 3341 1096 3397 τό
1114 3360 1138 3397 v.

162 3414 204 3462 20.
224 3410 286 3480 τοῦ]
307 3426 358 3464 om
378 3428 405 3479 p
493 3416 534 3464 23
559 3412 632 3464 Ante
652 3410 790 3480 RK(alt.)
811 3427 879 3464 eras
902 3411 976 3466 PV.
1066 3414 1137 3485 ΚΓ]

126 3495 195 3533 corr
216 3496 250 3532 ex
269 3486 324 3534 ΚΔ
343 3500 378 3535 m
399 3497 452 3535 rec.
472 3482 505 3536 V
