2424 3944
121 141 185 206 160
328 144 538 196 OPTICORUM
556 143 735 195 RECENSIO
754 142 920 195 THEONIS.

187 290 268 352 ε”στω
301 288 363 373 γάρ
397 293 471 351 ἴσον
502 287 539 351 τὸ
572 290 633 351 ΓΔ
663 295 709 373 τῷ
738 289 816 368 ΚΛ,
864 308 908 369 1(

120 396 207 478 ὄμμα
237 391 274 458 δὲ
302 397 383 458 ἔστω
412 394 449 457 τὸ
478 397 521 477 Β,
553 391 612 477 ἀφ’
642 388 683 457 οὗ
715 410 816 478 προσ-

119 499 327 566 πιπτέτωσαν
354 502 446 579 ὄψεις
475 502 512 564 αι’
537 505 613 583 BA,
637 504 712 582 BA,
736 502 816 582 ΒΚ,
868 468 897 527 Γ
1100 502 1131 562 A

121 612 192 673 ΒΓ.
221 608 345 672 οὐκοῦν
359 609 395 672 τὸ
412 611 472 672 ΓΛ
495 607 561 672 ὑπὸ
581 610 729 691 μείζονος
752 631 816 690 γω-

85 719 195 791 τοίας
217 714 332 799 ὁρᾶται
355 715 436 799 ήπερ
456 716 493 778 τὸ
512 717 593 778 ΚΛ·
619 717 729 798 μεῖζον
752 716 816 799 ἀρα

122 825 275 904 φαίνεται
298 821 334 885 τὸ
359 824 420 885 ΓΛ
442 829 502 886 τοῦ
525 824 602 885 ΚΛ.
996 812 1032 870 Β

607 998 648 1067 τ’.

193 1107 240 1170 Τὰ
267 1106 460 1190 παράλληλα
492 1117 559 1170 τῶν
587 1106 818 1190 διαστημάτων
846 1104 878 1184 ἐξ
907 1106 1134 1192 ἀποστήματος

121 1212 272 1298 ὁρώμενα
295 1213 497 1296 ἀνισοπλατή
522 1215 684 1296 φαίνεται.

70 1334 104 1382 10
189 1322 270 1384 ἔστω
299 1320 362 1406 γὰρ
390 1321 427 1385 τὸ
457 1322 525 1383 ΒΓ
552 1329 597 1408 τῷ
625 1325 659 1383 A
665 1324 692 1383 Z
720 1319 933 1405 παράλληλον
961 1320 1133 1406 διάστημα,

122 1428 209 1510 ὄμμα
229 1423 265 1491 δὲ
284 1429 366 1492 ἔστω
385 1428 422 1492 τὸ
437 1430 477 1490 Κ.
515 1425 611 1509 λέγω,
630 1427 680 1491 ὄτι
699 1427 739 1490 τὰ
758 1429 830 1510 ΒΓ,
845 1431 912 1491 AZ
931 1426 1131 1510 ἀνισοπλατή

122 1536 284 1618 φαίνεται,
307 1532 362 1597 καὶ
385 1536 495 1617 μεῖζον
518 1531 568 1597 ἀεὶ
591 1534 628 1597 τὸ
653 1536 765 1616 ἔγγιον
789 1534 952 1618 διάστημα
975 1543 1037 1598 τοῦ
1056 1557 1131 1619 πορ-

122 1640 277 1724 ρώτερον.

188 1746 481 1830 προσπιπτέτωσαν
514 1745 642 1823 ἀκτῖνες
674 1749 711 1812 αί
735 1747 814 1831 ΚΞ,
838 1751 920 1830 ΚΛ,
943 1750 1031 1831 ΚΠ,
1055 1750 1130 1829 ΚΝ,

71 1869 103 1918 15
122 1857 199 1936 ΚΒ,
218 1857 296 1937 KA,
320 1852 374 1918 καὶ
393 1854 644 1938 ἐπεζεύχθωσαν
662 1854 792 1919 εὐθεῖαι
811 1856 848 1919 αἱ
864 1854 938 1936 ΞΛ,
957 1859 1044 1937 ΠΝ,
1064 1858 1130 1918 BA.

122 1958 191 2025 ἐπεὶ
223 1956 285 2026 οὖν
312 1964 430 2044 μείζων
458 1959 548 2026 ἐστὶν
577 1960 598 2044 ἡ
626 1961 690 2026 ὑπὸ
719 1961 820 2035 ΞΚΛ
852 1963 957 2044 γωνία
984 1969 1045 2044 τής
1072 1960 1130 2025 ὑπὸ

122 2069 237 2130 ΠΚΝ
256 2069 388 2149 γωνίας,
411 2070 529 2151 μείζων
552 2069 617 2153 ἀρα
640 2071 794 2152 φαίνεται
816 2066 872 2133 καὶ
892 2067 912 2150 ή
932 2067 996 2141 ΞΛ
1020 2067 1131 2132 εὐθεῖα

122 2181 180 2255 τῆς
203 2177 284 2237 ΠΝ.
332 2174 387 2237 διά
411 2174 450 2238 τά
474 2174 557 2238 αὐτὰ
585 2175 626 2258 δή
654 2172 709 2238 καλ
732 2173 752 2256 ἡ
775 2179 855 2239 HN
877 2173 994 2239 εὐθεῖα
1017 2177 1132 2258 μείζων

123 2282 276 2363 φαίνεται
294 2289 351 2363 τῆς
370 2285 433 2345 BA
456 2280 598 2357 εὐθείας.
635 2277 745 2346 οὐκέτι
768 2276 831 2346 οὖν
849 2279 1036 2364 ὀφθήσεται
1056 2302 1132 2364 παρ-

70 2404 104 2452 20
123 2386 248 2470 άλληλα
266 2388 306 2451 τὰ
321 2390 534 2473 διαστήματα,
554 2386 626 2452 ἀλλ’
638 2389 685 2464 είς
699 2390 834 2453 ἔλαττον
852 2384 907 2453 καλ
921 2385 1131 2469 ἀνισοπλατή.

123 2495 162 2558 τά
190 2496 254 2579 ἀρα
281 2494 474 2580 παράλληλα
502 2505 569 2559 τῶν
592 2493 822 2578 διαστημάτων
850 2491 882 2571 ἐξ
905 2492 1132 2578 ἀποστήματος

12 2592 15 2596 ’
123 2600 273 2687 ὁρώμενα
297 2601 498 2685 ἀνισοπλατή
522 2604 684 2685 φαίνεται.

75 2776 78 2783 ,
190 2709 276 2772 οὕτω
307 2708 382 2793 μέν,
415 2711 445 2772 εί
471 2708 507 2773 ἐν
538 2717 584 2795 τῷ
612 2708 701 2794 αὐτῷ
730 2706 871 2795 ἐπιπέδῳ
904 2707 941 2771 τὸ
970 2709 1061 2791 ὄμμα
1090 2713 1131 2793 τῷ

123 2813 279 2903 ὁρωμένῳ
297 2815 415 2899 κέοιτο,
434 2818 465 2881 εί
477 2812 513 2879 δὲ
528 2818 768 2899 μετεωρότερον
787 2820 836 2898 είη
851 2815 887 2878 τὸ
903 2816 1001 2898 ὄμμα,
1020 2813 1131 2889 οὕτως.

70 2936 104 2984 25
190 2925 271 2986 ε”στω
295 2923 358 3006 γάρ
381 2923 418 2986 τὸ
442 2925 484 3005 Κ,
506 2918 561 2984 καλ
584 2922 678 3004 ήχθω
703 2919 766 2985 ἀπὸ
789 2928 849 2984 τοῦ
868 2923 903 2983 Κ
924 2916 978 2984 ἐπὶ
995 2921 1034 2984 τὸ
1054 2919 1130 2985 ὑπο-

123 3032 274 3113 κείμενον
298 3028 453 3093 ἐπίπεδον
476 3028 616 3102 κάθετος
638 3027 658 3110 ή
683 3030 766 3110 ΚΑ,
794 3026 857 3090 ἀπὸ
882 3022 919 3090 δὲ
940 3034 1002 3091 τοῦ
1026 3032 1060 3090 Λ
1082 3021 1130 3091 ἐπὶ

123 3138 184 3219 τήν
209 3138 273 3199 ΖΛ
296 3134 316 3218 ή
339 3139 421 3199 ΑΜ
438 3132 493 3198 καὶ
517 3133 727 3217 ἐκβεβλήσθω
753 3131 806 3198 ἐπὶ
828 3134 865 3198 τὸ
892 3137 930 3215 Ο,
953 3130 1009 3196 καὶ
1033 3147 1130 3219 προσ-

195 3299 237 3347 10.
257 3299 282 3346 A
290 3293 322 3364 Z]
344 3296 365 3346 Z
384 3309 451 3346 corr.
471 3290 501 3344 in
521 3294 545 3344 Ε
565 3309 600 3344 m.
621 3305 674 3343 ree.
694 3290 727 3343 V.
819 3295 859 3343 11.
880 3289 953 3342 Ante
974 3289 1050 3359 ὄμμα
1069 3288 1128 3343 αδδ

122 3364 157 3418 τά
177 3363 208 3419 δὲ
227 3362 388 3434 παράλληλα
406 3361 441 3417 τά
460 3365 523 3430 ΞΛ,
539 3364 609 3429 HN,
624 3366 672 3415 BA
690 3361 723 3416 V.
798 3367 838 3415 12.
861 3359 967 3430 ἔγγειον
986 3361 1019 3416 V.
1091 3365 1128 3413 14.

124 3435 376 3507 ΚΞ]Ξοοττ.ἱο
398 3431 939 3501 Zm.rec.V;itemlin.15‚16‚17.
1015 3438 1057 3487 16.
1076 3439 1129 3501 μεῖ·

125 3509 153 3571 ζο
191 3525 216 3560 v.
307 3507 408 3576 ΞΚΛ]
432 3508 486 3565 ΞΛ
505 3524 529 3560 τ.
621 3501 721 3575 γωνία]
741 3503 771 3556 in
789 3520 842 3558 ras.
862 3521 887 3557 v.
980 3501 1127 3574 wasta]
