<?xml version="1.0" encoding="UTF-8"?>
<!DOCTYPE html PUBLIC "-//W3C//DTD XHTML 1.0 Transitional//EN"
    "http://www.w3.org/TR/xhtml1/DTD/xhtml1-transitional.dtd">
<html xmlns="http://www.w3.org/1999/xhtml" xml:lang="en" lang="en">
 <head>
  <title>
</title>
<meta http-equiv="Content-Type" content="text/html;charset=utf-8" />
  <meta name='ocr-system' content='tesseract 3.04.00' />
  <meta name='ocr-capabilities' content='ocr_page ocr_carea ocr_par ocr_line ocrx_word'/>
</head>
<body>
  <div class='ocr_page' id='page_1' title='image "./euclidisoperaom01unkngoog_0141.png"; bbox 0 0 2424 3944; ppageno 0'>
   <div class='ocr_carea' id='block_1_1' title="bbox 156 167 823 232">
    <p class='ocr_par' dir='ltr' id='par_1_1' title="bbox 156 167 823 232">
     <span class='ocr_line' id='line_1_1' title="bbox 156 167 823 232; baseline 0.001 -13"><span class='ocrx_word' id='word_1_1' title='bbox 156 167 197 232; x_wconf 77' lang='lat'><em>78</em></span> <span class='ocrx_word' id='word_1_2' title='bbox 495 167 667 220; x_wconf 73' lang='grc' dir='ltr'><em>τοοιιοιε</em></span> <span class='ocrx_word' id='word_1_3' title='bbox 686 167 823 220; x_wconf 75' lang='grc' dir='ltr'><em>ονιιοι.</em></span> 
     </span>
    </p>
   </div>
   <div class='ocr_carea' id='block_1_2' title="bbox 98 309 1205 2743">
    <p class='ocr_par' dir='ltr' id='par_1_2' title="bbox 152 309 1169 718">
     <span class='ocr_line' id='line_1_2' title="bbox 154 309 1169 402; baseline -0.005 -24"><span class='ocrx_word' id='word_1_4' title='bbox 154 312 317 402; x_wconf 75' lang='grc' dir='ltr'><em>διαμέτρῳ</em></span> <span class='ocrx_word' id='word_1_5' title='bbox 347 319 400 395; x_wconf 99' lang='grc' dir='ltr'><em>ἴση</em></span> <span class='ocrx_word' id='word_1_6' title='bbox 427 311 447 393; x_wconf 85' lang='grc' dir='ltr'><em>ἡ</em></span> <span class='ocrx_word' id='word_1_7' title='bbox 471 314 535 375; x_wconf 88' lang='grc' dir='ltr'><em>ΚΛ</em></span> <span class='ocrx_word' id='word_1_8' title='bbox 562 309 617 376; x_wconf 83' lang='grc' dir='ltr'><em>καῖ</em></span> <span class='ocrx_word' id='word_1_9' title='bbox 646 311 819 395; x_wconf 76' lang='grc' dir='ltr'><em>τετμήσθω</em></span> <span class='ocrx_word' id='word_1_10' title='bbox 848 310 925 393; x_wconf 90' lang='grc' dir='ltr'><em>δίχα</em></span> <span class='ocrx_word' id='word_1_11' title='bbox 951 309 1035 374; x_wconf 87' lang='grc' dir='ltr'><em>κατά</em></span> <span class='ocrx_word' id='word_1_12' title='bbox 1058 309 1097 374; x_wconf 85' lang='grc' dir='ltr'><em>τὸ</em></span> <span class='ocrx_word' id='word_1_13' title='bbox 1121 315 1169 394; x_wconf 96' lang='grc' dir='ltr'><em>Μ,</em></span> 
     </span>
     <span class='ocr_line' id='line_1_3' title="bbox 153 414 1169 503; baseline -0.003 -18"><span class='ocrx_word' id='word_1_14' title='bbox 153 419 209 486; x_wconf 86' lang='grc' dir='ltr'><em>καῖ</em></span> <span class='ocrx_word' id='word_1_15' title='bbox 232 420 369 503; x_wconf 80' lang='grc' dir='ltr'><em>άνηχθω</em></span> <span class='ocrx_word' id='word_1_16' title='bbox 394 417 456 483; x_wconf 88' lang='grc' dir='ltr'><em>άπὸ</em></span> <span class='ocrx_word' id='word_1_17' title='bbox 480 426 540 483; x_wconf 90' lang='grc' dir='ltr'><em>τοῦ</em></span> <span class='ocrx_word' id='word_1_18' title='bbox 564 422 608 483; x_wconf 89' lang='grc' dir='ltr'><em>Μ</em></span> <span class='ocrx_word' id='word_1_19' title='bbox 630 420 767 502; x_wconf 81' lang='grc' dir='ltr'><em>σημείου</em></span> <span class='ocrx_word' id='word_1_20' title='bbox 795 416 878 502; x_wconf 83' lang='grc' dir='ltr'><em>πρὸς</em></span> <span class='ocrx_word' id='word_1_21' title='bbox 905 415 1012 502; x_wconf 79' lang='grc' dir='ltr'><em>ὀρθάς</em></span> <span class='ocrx_word' id='word_1_22' title='bbox 1034 414 1055 498; x_wconf 79' lang='grc' dir='ltr'><strong><em>ἡ</em></strong></span> <span class='ocrx_word' id='word_1_23' title='bbox 1079 421 1169 500; x_wconf 90' lang='grc' dir='ltr'><em>ΜΝ,</em></span> 
     </span>
     <span class='ocr_line' id='line_1_4' title="bbox 152 521 1168 610; baseline -0.005 -17"><span class='ocrx_word' id='word_1_24' title='bbox 152 525 208 593; x_wconf 85' lang='grc' dir='ltr'><em>καῖ</em></span> <span class='ocrx_word' id='word_1_25' title='bbox 232 530 313 592; x_wconf 85' lang='grc' dir='ltr'><em>ἔστω</em></span> <span class='ocrx_word' id='word_1_26' title='bbox 338 531 392 607; x_wconf 86' lang='grc' dir='ltr'><em>ἴση</em></span> <span class='ocrx_word' id='word_1_27' title='bbox 415 523 435 606; x_wconf 86' lang='grc' dir='ltr'><em>ἡ</em></span> <span class='ocrx_word' id='word_1_28' title='bbox 460 529 543 589; x_wconf 91' lang='grc' dir='ltr'><em>ΜΝ</em></span> <span class='ocrx_word' id='word_1_29' title='bbox 561 533 601 610; x_wconf 77' lang='grc' dir='ltr'><em>τῇ</em></span> <span class='ocrx_word' id='word_1_30' title='bbox 627 528 709 607; x_wconf 98' lang='grc' dir='ltr'><em>ΘΗ,</em></span> <span class='ocrx_word' id='word_1_31' title='bbox 732 522 787 588; x_wconf 82' lang='grc' dir='ltr'><em>καί</em></span> <span class='ocrx_word' id='word_1_32' title='bbox 810 522 1069 610; x_wconf 74' lang='grc' dir='ltr'><em>περιγεγράφθω</em></span> <span class='ocrx_word' id='word_1_33' title='bbox 1093 521 1168 608; x_wconf 78' lang='grc' dir='ltr'><em>περὶ</em></span> 
     </span>
     <span class='ocr_line' id='line_1_5' title="bbox 154 629 1168 718; baseline -0.004 -20"><span class='ocrx_word' id='word_1_34' title='bbox 154 636 214 718; x_wconf 80' lang='grc' dir='ltr'><em>τὴν</em></span> <span class='ocrx_word' id='word_1_35' title='bbox 237 636 305 697; x_wconf 88' lang='grc' dir='ltr'><em>ΚΛ</em></span> <span class='ocrx_word' id='word_1_36' title='bbox 332 629 386 696; x_wconf 88' lang='grc' dir='ltr'><em>καῖ</em></span> <span class='ocrx_word' id='word_1_37' title='bbox 414 633 451 697; x_wconf 93' lang='grc' dir='ltr'><em>τὸ</em></span> <span class='ocrx_word' id='word_1_38' title='bbox 474 636 514 696; x_wconf 92' lang='grc' dir='ltr'><strong><em>Ν</em></strong></span> <span class='ocrx_word' id='word_1_39' title='bbox 537 643 673 715; x_wconf 83' lang='grc' dir='ltr'><em>σημεῖον</em></span> <span class='ocrx_word' id='word_1_40' title='bbox 700 638 809 714; x_wconf 81' lang='grc' dir='ltr'><em>τμημα</em></span> <span class='ocrx_word' id='word_1_41' title='bbox 836 631 962 695; x_wconf 81' lang='grc' dir='ltr'><em>κύκλου</em></span> <span class='ocrx_word' id='word_1_42' title='bbox 989 630 1027 694; x_wconf 91' lang='grc' dir='ltr'><em>τὸ</em></span> <span class='ocrx_word' id='word_1_43' title='bbox 1050 633 1168 694; x_wconf 84' lang='grc' dir='ltr'><em>ΝΚΛ.</em></span> 
     </span>
    </p>

    <p class='ocr_par' dir='ltr' id='par_1_3' title="bbox 98 735 1168 2528">
     <span class='ocr_line' id='line_1_6' title="bbox 118 735 1168 823; baseline 0 -22"><span class='ocrx_word' id='word_1_44' title='bbox 118 752 134 801; x_wconf 84' lang='lat'>5</span> <span class='ocrx_word' id='word_1_45' title='bbox 154 743 222 804; x_wconf 79' lang='grc' dir='ltr'><em>ἔστι</em></span> <span class='ocrx_word' id='word_1_46' title='bbox 241 739 282 822; x_wconf 83' lang='grc' dir='ltr'><em>δὴ</em></span> <span class='ocrx_word' id='word_1_47' title='bbox 302 741 442 803; x_wconf 82' lang='grc' dir='ltr'><em>ἔλασσον</em></span> <span class='ocrx_word' id='word_1_48' title='bbox 460 737 667 822; x_wconf 75' lang='grc' dir='ltr'><strong><em>ἡμικυκλίου,</em></strong></span> <span class='ocrx_word' id='word_1_49' title='bbox 691 736 864 823; x_wconf 76' lang='grc' dir='ltr'><em>ἐπειδήπερ</em></span> <span class='ocrx_word' id='word_1_50' title='bbox 883 735 903 819; x_wconf 78' lang='grc' dir='ltr'>ἡ</span> <span class='ocrx_word' id='word_1_51' title='bbox 919 741 1002 802; x_wconf 93' lang='grc' dir='ltr'><em>ΜΝ</em></span> <span class='ocrx_word' id='word_1_52' title='bbox 1019 735 1168 802; x_wconf 79' lang='grc' dir='ltr'><em>ἐλάσσων</em></span> 
     </span>
     <span class='ocr_line' id='line_1_7' title="bbox 154 842 1168 931; baseline -0.002 -22"><span class='ocrx_word' id='word_1_53' title='bbox 154 842 221 909; x_wconf 83' lang='grc' dir='ltr'><em>ἐστῖ</em></span> <span class='ocrx_word' id='word_1_54' title='bbox 244 854 302 928; x_wconf 80' lang='grc' dir='ltr'><em>τῆς</em></span> <span class='ocrx_word' id='word_1_55' title='bbox 325 843 360 909; x_wconf 81' lang='grc' dir='ltr'><em>ἐκ</em></span> <span class='ocrx_word' id='word_1_56' title='bbox 383 853 443 909; x_wconf 88' lang='grc' dir='ltr'><em>τοῦ</em></span> <span class='ocrx_word' id='word_1_57' title='bbox 465 842 614 931; x_wconf 83' lang='grc' dir='ltr'><em>κέντρου.</em></span> <span class='ocrx_word' id='word_1_58' title='bbox 652 846 741 908; x_wconf 86' lang='grc' dir='ltr'><em>ἔσται</em></span> <span class='ocrx_word' id='word_1_59' title='bbox 766 844 807 928; x_wconf 82' lang='grc' dir='ltr'><em>δη</em></span> <span class='ocrx_word' id='word_1_60' title='bbox 830 844 914 930; x_wconf 79' lang='grc' dir='ltr'><em>πρὸς</em></span> <span class='ocrx_word' id='word_1_61' title='bbox 936 852 981 931; x_wconf 74' lang='grc' dir='ltr'><em>τῷ</em></span> <span class='ocrx_word' id='word_1_62' title='bbox 1005 847 1045 908; x_wconf 95' lang='grc' dir='ltr'><em>Ν</em></span> <span class='ocrx_word' id='word_1_63' title='bbox 1062 845 1168 926; x_wconf 90' lang='grc' dir='ltr'><em>γωνία</em></span> 
     </span>
     <span class='ocr_line' id='line_1_8' title="bbox 152 950 1167 1038; baseline -0.002 -22"><span class='ocrx_word' id='word_1_64' title='bbox 152 950 365 1036; x_wconf 85' lang='grc' dir='ltr'><em>περιεχομένη</em></span> <span class='ocrx_word' id='word_1_65' title='bbox 392 952 458 1016; x_wconf 87' lang='grc' dir='ltr'><em>ὑπὸ</em></span> <span class='ocrx_word' id='word_1_66' title='bbox 485 962 553 1016; x_wconf 87' lang='grc' dir='ltr'><em>τῶν</em></span> <span class='ocrx_word' id='word_1_67' title='bbox 580 954 661 1033; x_wconf 88' lang='grc' dir='ltr'><em>ΚΝ,</em></span> <span class='ocrx_word' id='word_1_68' title='bbox 686 955 761 1015; x_wconf 91' lang='grc' dir='ltr'><em>ΛΝ</em></span> <span class='ocrx_word' id='word_1_69' title='bbox 790 956 844 1032; x_wconf 90' lang='grc' dir='ltr'><em>ἴση</em></span> <span class='ocrx_word' id='word_1_70' title='bbox 874 958 914 1036; x_wconf 78' lang='grc' dir='ltr'><em>τῇ</em></span> <span class='ocrx_word' id='word_1_71' title='bbox 941 950 1025 1036; x_wconf 82' lang='grc' dir='ltr'><em>πρὸς</em></span> <span class='ocrx_word' id='word_1_72' title='bbox 1051 959 1100 1038; x_wconf 75' lang='grc' dir='ltr'><em>τῷ</em></span> <span class='ocrx_word' id='word_1_73' title='bbox 1131 954 1167 1033; x_wconf 93' lang='grc' dir='ltr'><em>Θ,</em></span> 
     </span>
     <span class='ocr_line' id='line_1_9' title="bbox 152 1055 1165 1144; baseline -0.001 -22"><span class='ocrx_word' id='word_1_74' title='bbox 152 1056 365 1144; x_wconf 84' lang='grc' dir='ltr'><em>περιεχομένη</em></span> <span class='ocrx_word' id='word_1_75' title='bbox 389 1055 426 1123; x_wconf 76' lang='grc' dir='ltr'><em>δὲ</em></span> <span class='ocrx_word' id='word_1_76' title='bbox 448 1058 513 1123; x_wconf 84' lang='grc' dir='ltr'><em>ὑπὸ</em></span> <span class='ocrx_word' id='word_1_77' title='bbox 537 1069 604 1124; x_wconf 87' lang='grc' dir='ltr'><em>τῶν</em></span> <span class='ocrx_word' id='word_1_78' title='bbox 624 1061 697 1140; x_wconf 89' lang='grc' dir='ltr'><em>ΓΘ,</em></span> <span class='ocrx_word' id='word_1_79' title='bbox 719 1061 790 1121; x_wconf 86' lang='grc' dir='ltr'><em>ΘΔ.</em></span> <span class='ocrx_word' id='word_1_80' title='bbox 827 1059 875 1121; x_wconf 86' lang='grc' dir='ltr'><em>έτι</em></span> <span class='ocrx_word' id='word_1_81' title='bbox 897 1059 1022 1122; x_wconf 79' lang='grc' dir='ltr'><em>κείσθω</em></span> <span class='ocrx_word' id='word_1_82' title='bbox 1043 1066 1085 1143; x_wconf 77' lang='grc' dir='ltr'><em>τῇ</em></span> <span class='ocrx_word' id='word_1_83' title='bbox 1103 1056 1165 1122; x_wconf 86' lang='grc' dir='ltr'><em>ὑπὸ</em></span> 
     </span>
     <span class='ocr_line' id='line_1_10' title="bbox 153 1160 1166 1250; baseline -0.001 -21"><span class='ocrx_word' id='word_1_84' title='bbox 153 1175 219 1229; x_wconf 82' lang='grc' dir='ltr'><em>τῶν</em></span> <span class='ocrx_word' id='word_1_85' title='bbox 241 1169 316 1229; x_wconf 84' lang='grc' dir='ltr'><em>ΕΗ</em></span> <span class='ocrx_word' id='word_1_86' title='bbox 320 1168 348 1228; x_wconf 94' lang='grc' dir='ltr'>Θ</span> <span class='ocrx_word' id='word_1_87' title='bbox 371 1170 425 1248; x_wconf 93' lang='grc' dir='ltr'><em>ἴση</em></span> <span class='ocrx_word' id='word_1_88' title='bbox 448 1165 469 1248; x_wconf 80' lang='grc' dir='ltr'><em>ἡ</em></span> <span class='ocrx_word' id='word_1_89' title='bbox 491 1165 557 1230; x_wconf 85' lang='grc' dir='ltr'><em>ὑπὸ</em></span> <span class='ocrx_word' id='word_1_90' title='bbox 579 1175 648 1229; x_wconf 84' lang='grc' dir='ltr'><em>τῶν</em></span> <span class='ocrx_word' id='word_1_91' title='bbox 666 1163 789 1247; x_wconf 76' lang='grc' dir='ltr'><em>ΚΜΞ,</em></span> <span class='ocrx_word' id='word_1_92' title='bbox 812 1160 867 1228; x_wconf 85' lang='grc' dir='ltr'><em>καῖ</em></span> <span class='ocrx_word' id='word_1_93' title='bbox 890 1166 1014 1228; x_wconf 89' lang='grc' dir='ltr'><em>κείσθω</em></span> <span class='ocrx_word' id='word_1_94' title='bbox 1037 1172 1080 1250; x_wconf 82' lang='grc' dir='ltr'><em>τῇ</em></span> <span class='ocrx_word' id='word_1_95' title='bbox 1098 1167 1166 1228; x_wconf 92' lang='grc' dir='ltr'><em>ΗΘ</em></span> 
     </span>
     <span class='ocr_line' id='line_1_11' title="bbox 100 1267 1168 1357; baseline 0.002 -23"><span class='ocrx_word' id='word_1_96' title='bbox 100 1287 134 1336; x_wconf 86' lang='grc'><em>10</em></span> <span class='ocrx_word' id='word_1_97' title='bbox 153 1276 207 1354; x_wconf 86' lang='grc' dir='ltr'><em>ἴση</em></span> <span class='ocrx_word' id='word_1_98' title='bbox 230 1270 250 1353; x_wconf 80' lang='grc' dir='ltr'><em>ἡ</em></span> <span class='ocrx_word' id='word_1_99' title='bbox 270 1270 356 1354; x_wconf 78' lang='grc' dir='ltr'><em>ΜΞ,</em></span> <span class='ocrx_word' id='word_1_100' title='bbox 378 1269 434 1336; x_wconf 82' lang='grc' dir='ltr'><em>καὶ</em></span> <span class='ocrx_word' id='word_1_101' title='bbox 457 1271 714 1357; x_wconf 80' lang='grc' dir='ltr'><em>περιγεγράφθω</em></span> <span class='ocrx_word' id='word_1_102' title='bbox 738 1268 814 1357; x_wconf 82' lang='grc' dir='ltr'><em>περὶ</em></span> <span class='ocrx_word' id='word_1_103' title='bbox 836 1272 898 1354; x_wconf 80' lang='grc' dir='ltr'><em>τὴν</em></span> <span class='ocrx_word' id='word_1_104' title='bbox 916 1273 980 1335; x_wconf 87' lang='grc' dir='ltr'><em>ΚΛ</em></span> <span class='ocrx_word' id='word_1_105' title='bbox 1002 1267 1059 1335; x_wconf 88' lang='grc' dir='ltr'><em>καῖ</em></span> <span class='ocrx_word' id='word_1_106' title='bbox 1083 1269 1168 1343; x_wconf 73' lang='grc' dir='ltr'><em>τὸΞ</em></span> 
     </span>
     <span class='ocr_line' id='line_1_12' title="bbox 153 1376 1164 1465; baseline 0 -23"><span class='ocrx_word' id='word_1_107' title='bbox 153 1390 288 1462; x_wconf 80' lang='grc' dir='ltr'><em>σημεῖον</em></span> <span class='ocrx_word' id='word_1_108' title='bbox 306 1379 343 1442; x_wconf 89' lang='grc' dir='ltr'><em>τὸ</em></span> <span class='ocrx_word' id='word_1_109' title='bbox 362 1381 396 1442; x_wconf 88' lang='grc' dir='ltr'><em>Κ</em></span> <span class='ocrx_word' id='word_1_110' title='bbox 400 1377 463 1451; x_wconf 77' lang='grc' dir='ltr'><em>ΞΛ</em></span> <span class='ocrx_word' id='word_1_111' title='bbox 485 1387 602 1462; x_wconf 82' lang='grc' dir='ltr'><em>τμημα.</em></span> <span class='ocrx_word' id='word_1_112' title='bbox 639 1381 730 1442; x_wconf 82' lang='grc' dir='ltr'><em>ἔστιν</em></span> <span class='ocrx_word' id='word_1_113' title='bbox 748 1378 812 1463; x_wconf 87' lang='grc' dir='ltr'><em>άρα</em></span> <span class='ocrx_word' id='word_1_114' title='bbox 830 1378 913 1463; x_wconf 82' lang='grc' dir='ltr'><em>πρὸς</em></span> <span class='ocrx_word' id='word_1_115' title='bbox 931 1385 976 1464; x_wconf 76' lang='grc' dir='ltr'><em>τῷ</em></span> <span class='ocrx_word' id='word_1_116' title='bbox 996 1376 1027 1450; x_wconf 74' lang='grc' dir='ltr'><strong>Ξ</strong></span> <span class='ocrx_word' id='word_1_117' title='bbox 1043 1381 1164 1465; x_wconf 81' lang='grc' dir='ltr'><em>σημείφ</em></span> 
     </span>
     <span class='ocr_line' id='line_1_13' title="bbox 152 1483 1165 1572; baseline -0.001 -23"><span class='ocrx_word' id='word_1_118' title='bbox 152 1488 257 1566; x_wconf 88' lang='grc' dir='ltr'><em>γωνία</em></span> <span class='ocrx_word' id='word_1_119' title='bbox 275 1484 295 1567; x_wconf 78' lang='grc' dir='ltr'><em>ἡ</em></span> <span class='ocrx_word' id='word_1_120' title='bbox 314 1483 526 1571; x_wconf 82' lang='grc' dir='ltr'><em>περιεχομένη</em></span> <span class='ocrx_word' id='word_1_121' title='bbox 545 1485 610 1549; x_wconf 85' lang='grc' dir='ltr'><em>ὑπὸ</em></span> <span class='ocrx_word' id='word_1_122' title='bbox 629 1496 696 1550; x_wconf 88' lang='grc' dir='ltr'><em>τῶν</em></span> <span class='ocrx_word' id='word_1_123' title='bbox 712 1487 747 1548; x_wconf 88' lang='grc' dir='ltr'><em>Κ</em></span> <span class='ocrx_word' id='word_1_124' title='bbox 750 1484 813 1558; x_wconf 77' lang='grc' dir='ltr'><em>ΞΛ</em></span> <span class='ocrx_word' id='word_1_125' title='bbox 833 1490 887 1566; x_wconf 87' lang='grc' dir='ltr'><em>ἴση</em></span> <span class='ocrx_word' id='word_1_126' title='bbox 906 1493 945 1570; x_wconf 78' lang='grc' dir='ltr'><em>τῇ</em></span> <span class='ocrx_word' id='word_1_127' title='bbox 963 1485 1047 1568; x_wconf 84' lang='grc' dir='ltr'><em>πρὸς</em></span> <span class='ocrx_word' id='word_1_128' title='bbox 1066 1492 1113 1572; x_wconf 75' lang='grc' dir='ltr'><em>τῷ</em></span> <span class='ocrx_word' id='word_1_129' title='bbox 1129 1488 1165 1567; x_wconf 90' lang='grc' dir='ltr'><em>Θ,</em></span> 
     </span>
     <span class='ocr_line' id='line_1_14' title="bbox 151 1589 1163 1678; baseline -0.001 -22"><span class='ocrx_word' id='word_1_130' title='bbox 151 1589 365 1678; x_wconf 85' lang='grc' dir='ltr'><em>περιεχομένη</em></span> <span class='ocrx_word' id='word_1_131' title='bbox 393 1589 429 1656; x_wconf 72' lang='grc' dir='ltr'><em>δὲ</em></span> <span class='ocrx_word' id='word_1_132' title='bbox 455 1593 521 1657; x_wconf 87' lang='grc' dir='ltr'><em>ὑπὸ</em></span> <span class='ocrx_word' id='word_1_133' title='bbox 549 1602 617 1656; x_wconf 81' lang='grc' dir='ltr'><em>τῶν</em></span> <span class='ocrx_word' id='word_1_134' title='bbox 641 1595 748 1656; x_wconf 85' lang='grc' dir='ltr'>ΖΘΕ.</span> <span class='ocrx_word' id='word_1_135' title='bbox 805 1593 852 1656; x_wconf 80' lang='grc' dir='ltr'><em>ἔτι</em></span> <span class='ocrx_word' id='word_1_136' title='bbox 880 1593 1005 1656; x_wconf 86' lang='grc' dir='ltr'><em>κείσθω</em></span> <span class='ocrx_word' id='word_1_137' title='bbox 1033 1600 1075 1678; x_wconf 80' lang='grc' dir='ltr'><em>τῇ</em></span> <span class='ocrx_word' id='word_1_138' title='bbox 1102 1590 1163 1655; x_wconf 86' lang='grc' dir='ltr'><em>ὑπὸ</em></span> 
     </span>
     <span class='ocr_line' id='line_1_15' title="bbox 151 1693 1163 1782; baseline -0.003 -19"><span class='ocrx_word' id='word_1_139' title='bbox 151 1709 219 1763; x_wconf 82' lang='grc' dir='ltr'><em>τῶν</em></span> <span class='ocrx_word' id='word_1_140' title='bbox 242 1703 324 1782; x_wconf 92' lang='grc' dir='ltr'><em>ΑΗ,</em></span> <span class='ocrx_word' id='word_1_141' title='bbox 343 1703 414 1763; x_wconf 90' lang='grc' dir='ltr'><em>ΗΘ</em></span> <span class='ocrx_word' id='word_1_142' title='bbox 438 1705 492 1782; x_wconf 86' lang='grc' dir='ltr'><em>ἴση</em></span> <span class='ocrx_word' id='word_1_143' title='bbox 515 1698 535 1781; x_wconf 86' lang='grc' dir='ltr'><em>ἡ</em></span> <span class='ocrx_word' id='word_1_144' title='bbox 558 1698 623 1763; x_wconf 84' lang='grc' dir='ltr'><em>ὑπὸ</em></span> <span class='ocrx_word' id='word_1_145' title='bbox 647 1708 714 1762; x_wconf 86' lang='grc' dir='ltr'><em>τῶν</em></span> <span class='ocrx_word' id='word_1_146' title='bbox 737 1701 823 1780; x_wconf 85' lang='grc' dir='ltr'><em>ΚΜ,</em></span> <span class='ocrx_word' id='word_1_147' title='bbox 843 1702 932 1780; x_wconf 89' lang='grc' dir='ltr'><em>ΜΟ,</em></span> <span class='ocrx_word' id='word_1_148' title='bbox 961 1693 1017 1760; x_wconf 84' lang='grc' dir='ltr'><em>καῖ</em></span> <span class='ocrx_word' id='word_1_149' title='bbox 1040 1700 1163 1761; x_wconf 82' lang='grc' dir='ltr'><em>κείσθω</em></span> 
     </span>
     <span class='ocr_line' id='line_1_16' title="bbox 100 1800 1163 1892; baseline 0 -25"><span class='ocrx_word' id='word_1_150' title='bbox 100 1805 172 1888; x_wconf 75' lang='grc' dir='ltr'><em>15η</em></span> <span class='ocrx_word' id='word_1_151' title='bbox 195 1810 269 1870; x_wconf 91' lang='grc' dir='ltr'><em>ΜΟ</em></span> <span class='ocrx_word' id='word_1_152' title='bbox 296 1815 336 1892; x_wconf 77' lang='grc' dir='ltr'><em>τῇ</em></span> <span class='ocrx_word' id='word_1_153' title='bbox 359 1810 431 1870; x_wconf 97' lang='grc' dir='ltr'><em>ΗΘ</em></span> <span class='ocrx_word' id='word_1_154' title='bbox 454 1811 523 1888; x_wconf 87' lang='grc' dir='ltr'><em>ἴση,</em></span> <span class='ocrx_word' id='word_1_155' title='bbox 549 1803 604 1870; x_wconf 83' lang='grc' dir='ltr'><em>καῖ</em></span> <span class='ocrx_word' id='word_1_156' title='bbox 627 1805 886 1891; x_wconf 84' lang='grc' dir='ltr'><em>περιγεγράφθω</em></span> <span class='ocrx_word' id='word_1_157' title='bbox 914 1800 990 1889; x_wconf 82' lang='grc' dir='ltr'><em>περὶ</em></span> <span class='ocrx_word' id='word_1_158' title='bbox 1012 1804 1076 1887; x_wconf 79' lang='grc' dir='ltr'><em>τὴν</em></span> <span class='ocrx_word' id='word_1_159' title='bbox 1099 1806 1163 1867; x_wconf 89' lang='grc' dir='ltr'><em>ΚΛ</em></span> 
     </span>
     <span class='ocr_line' id='line_1_17' title="bbox 151 1909 1162 1998; baseline 0 -24"><span class='ocrx_word' id='word_1_160' title='bbox 151 1909 266 1976; x_wconf 80' lang='grc' dir='ltr'><em>καὶτὸ</em></span> <span class='ocrx_word' id='word_1_161' title='bbox 292 1916 320 1976; x_wconf 94' lang='lat'><em>0</em></span> <span class='ocrx_word' id='word_1_162' title='bbox 342 1920 460 1995; x_wconf 75' lang='grc' dir='ltr'><em>τμῆμα.</em></span> <span class='ocrx_word' id='word_1_163' title='bbox 497 1914 587 1976; x_wconf 86' lang='grc' dir='ltr'><em>ἔσται</em></span> <span class='ocrx_word' id='word_1_164' title='bbox 611 1912 652 1995; x_wconf 82' lang='grc' dir='ltr'><em>δη</em></span> <span class='ocrx_word' id='word_1_165' title='bbox 675 1910 696 1994; x_wconf 82' lang='grc' dir='ltr'><em>η</em></span> <span class='ocrx_word' id='word_1_166' title='bbox 719 1912 802 1997; x_wconf 81' lang='grc' dir='ltr'><em>πρὸς</em></span> <span class='ocrx_word' id='word_1_167' title='bbox 824 1919 870 1998; x_wconf 78' lang='grc' dir='ltr'><em>τῷ</em></span> <span class='ocrx_word' id='word_1_168' title='bbox 896 1915 924 1975; x_wconf 92' lang='lat' dir='ltr'><em>O</em></span> <span class='ocrx_word' id='word_1_169' title='bbox 946 1913 1054 1993; x_wconf 90' lang='grc' dir='ltr'><em>γωνία</em></span> <span class='ocrx_word' id='word_1_170' title='bbox 1077 1933 1162 1998; x_wconf 74' lang='grc' dir='ltr'><em>περι</em></span> 
     </span>
     <span class='ocr_line' id='line_1_18' title="bbox 152 2015 1162 2104; baseline 0.002 -25"><span class='ocrx_word' id='word_1_171' title='bbox 152 2015 289 2099; x_wconf 84' lang='grc' dir='ltr'><em>εχομένη</em></span> <span class='ocrx_word' id='word_1_172' title='bbox 306 2016 372 2080; x_wconf 88' lang='grc' dir='ltr'><em>ὑπὸ</em></span> <span class='ocrx_word' id='word_1_173' title='bbox 391 2026 459 2080; x_wconf 82' lang='grc' dir='ltr'><em>τῶν</em></span> <span class='ocrx_word' id='word_1_174' title='bbox 476 2020 511 2080; x_wconf 89' lang='grc' dir='ltr'><em>Κ</em></span> <span class='ocrx_word' id='word_1_175' title='bbox 515 2021 575 2082; x_wconf 87' lang='grc' dir='ltr'><em>ΟΛ</em></span> <span class='ocrx_word' id='word_1_176' title='bbox 600 2023 653 2100; x_wconf 91' lang='grc' dir='ltr'><em>ἴση</em></span> <span class='ocrx_word' id='word_1_177' title='bbox 677 2026 717 2102; x_wconf 77' lang='grc' dir='ltr'><em>τῇ</em></span> <span class='ocrx_word' id='word_1_178' title='bbox 735 2018 818 2102; x_wconf 78' lang='grc' dir='ltr'><em>πρὸς</em></span> <span class='ocrx_word' id='word_1_179' title='bbox 835 2025 880 2104; x_wconf 77' lang='grc' dir='ltr'><em>τῷ</em></span> <span class='ocrx_word' id='word_1_180' title='bbox 902 2020 931 2080; x_wconf 95' lang='grc' dir='ltr'>Θ</span> <span class='ocrx_word' id='word_1_181' title='bbox 951 2020 1059 2104; x_wconf 80' lang='grc' dir='ltr'><em>γωνίᾳ</em></span> <span class='ocrx_word' id='word_1_182' title='bbox 1077 2040 1162 2104; x_wconf 89' lang='grc' dir='ltr'><em>περι-</em></span> 
     </span>
     <span class='ocr_line' id='line_1_19' title="bbox 152 2119 1162 2212; baseline 0.003 -27"><span class='ocrx_word' id='word_1_183' title='bbox 152 2120 289 2206; x_wconf 86' lang='grc' dir='ltr'><em>εχομένη</em></span> <span class='ocrx_word' id='word_1_184' title='bbox 311 2120 377 2186; x_wconf 85' lang='grc' dir='ltr'><em>ὑπὸ</em></span> <span class='ocrx_word' id='word_1_185' title='bbox 396 2132 463 2186; x_wconf 86' lang='grc' dir='ltr'><em>τῶν</em></span> <span class='ocrx_word' id='word_1_186' title='bbox 481 2126 592 2186; x_wconf 88' lang='grc' dir='ltr'><em>ΑΘΒ.</em></span> <span class='ocrx_word' id='word_1_187' title='bbox 626 2120 695 2187; x_wconf 81' lang='grc' dir='ltr'><em>ἐπεὶ</em></span> <span class='ocrx_word' id='word_1_188' title='bbox 713 2119 775 2188; x_wconf 82' lang='grc' dir='ltr'><em>οὖν</em></span> <span class='ocrx_word' id='word_1_189' title='bbox 793 2125 911 2206; x_wconf 79' lang='grc' dir='ltr'><em>μείζων</em></span> <span class='ocrx_word' id='word_1_190' title='bbox 929 2120 950 2204; x_wconf 79' lang='grc' dir='ltr'><strong><em>ἡ</em></strong></span> <span class='ocrx_word' id='word_1_191' title='bbox 968 2123 1055 2208; x_wconf 80' lang='grc' dir='ltr'><em>πρὸς</em></span> <span class='ocrx_word' id='word_1_192' title='bbox 1071 2127 1162 2212; x_wconf 77' lang='grc' dir='ltr'><em>τῷΟ</em></span> 
     </span>
     <span class='ocr_line' id='line_1_20' title="bbox 151 2225 1163 2317; baseline 0.004 -26"><span class='ocrx_word' id='word_1_193' title='bbox 151 2236 209 2310; x_wconf 84' lang='grc' dir='ltr'><em>τῆς</em></span> <span class='ocrx_word' id='word_1_194' title='bbox 236 2229 318 2312; x_wconf 85' lang='grc' dir='ltr'><em>πρὸς</em></span> <span class='ocrx_word' id='word_1_195' title='bbox 344 2237 390 2316; x_wconf 79' lang='grc' dir='ltr'><em>τῷ</em></span> <span class='ocrx_word' id='word_1_196' title='bbox 418 2226 460 2310; x_wconf 77' lang='grc' dir='ltr'><em>Ξ,</em></span> <span class='ocrx_word' id='word_1_197' title='bbox 494 2234 547 2312; x_wconf 93' lang='grc' dir='ltr'><em>ἴση</em></span> <span class='ocrx_word' id='word_1_198' title='bbox 576 2225 612 2293; x_wconf 72' lang='grc' dir='ltr'><em>δὲ</em></span> <span class='ocrx_word' id='word_1_199' title='bbox 639 2227 660 2311; x_wconf 81' lang='grc' dir='ltr'><em>η</em></span> <span class='ocrx_word' id='word_1_200' title='bbox 688 2225 749 2314; x_wconf 67' lang='grc' dir='ltr'><em>μὲν</em></span> <span class='ocrx_word' id='word_1_201' title='bbox 777 2231 860 2314; x_wconf 84' lang='grc' dir='ltr'><em>πρὸς</em></span> <span class='ocrx_word' id='word_1_202' title='bbox 888 2237 933 2316; x_wconf 77' lang='grc' dir='ltr'><em>τῷ</em></span> <span class='ocrx_word' id='word_1_203' title='bbox 959 2233 988 2294; x_wconf 88' lang='grc'><strong><em>0</em></strong></span> <span class='ocrx_word' id='word_1_204' title='bbox 1019 2239 1060 2316; x_wconf 71' lang='grc' dir='ltr'><em>τῗ</em></span> <span class='ocrx_word' id='word_1_205' title='bbox 1084 2230 1163 2317; x_wconf 78' lang='grc' dir='ltr'><em>πρὸς</em></span> 
     </span>
     <span class='ocr_line' id='line_1_21' title="bbox 98 2331 1165 2425; baseline 0.002 -27"><span class='ocrx_word' id='word_1_206' title='bbox 98 2349 133 2398; x_wconf 78' lang='lat'><em>20</em></span> <span class='ocrx_word' id='word_1_207' title='bbox 151 2343 196 2422; x_wconf 74' lang='grc' dir='ltr'><em>τῷ</em></span> <span class='ocrx_word' id='word_1_208' title='bbox 219 2338 257 2418; x_wconf 97' lang='grc' dir='ltr'><em>Θ,</em></span> <span class='ocrx_word' id='word_1_209' title='bbox 280 2333 492 2420; x_wconf 86' lang='grc' dir='ltr'><em>περιεχομένη</em></span> <span class='ocrx_word' id='word_1_210' title='bbox 514 2331 551 2399; x_wconf 72' lang='grc' dir='ltr'><em>δέ</em></span> <span class='ocrx_word' id='word_1_211' title='bbox 569 2335 634 2400; x_wconf 83' lang='grc' dir='ltr'><em>ὑπὸ</em></span> <span class='ocrx_word' id='word_1_212' title='bbox 654 2347 721 2401; x_wconf 86' lang='grc' dir='ltr'><em>τῶν</em></span> <span class='ocrx_word' id='word_1_213' title='bbox 740 2340 852 2419; x_wconf 88' lang='grc' dir='ltr'>ΑΘΒ,</span> <span class='ocrx_word' id='word_1_214' title='bbox 875 2334 895 2417; x_wconf 82' lang='grc' dir='ltr'><em>ἡ</em></span> <span class='ocrx_word' id='word_1_215' title='bbox 915 2331 952 2399; x_wconf 71' lang='grc' dir='ltr'><em>δὲ</em></span> <span class='ocrx_word' id='word_1_216' title='bbox 969 2336 1055 2421; x_wconf 80' lang='grc' dir='ltr'><em>πρὸς</em></span> <span class='ocrx_word' id='word_1_217' title='bbox 1073 2335 1165 2425; x_wconf 54' lang='lat' dir='ltr'><em>VM</em></span> 
     </span>
     <span class='ocr_line' id='line_1_22' title="bbox 151 2439 1161 2528; baseline 0.003 -23"><span class='ocrx_word' id='word_1_218' title='bbox 151 2450 191 2527; x_wconf 77' lang='grc' dir='ltr'><em>τῇ</em></span> <span class='ocrx_word' id='word_1_219' title='bbox 213 2442 296 2527; x_wconf 81' lang='grc' dir='ltr'><em>πρὸς</em></span> <span class='ocrx_word' id='word_1_220' title='bbox 319 2451 365 2528; x_wconf 81' lang='grc' dir='ltr'><em>τῷ</em></span> <span class='ocrx_word' id='word_1_221' title='bbox 386 2446 424 2525; x_wconf 92' lang='grc' dir='ltr'><em>Θ,</em></span> <span class='ocrx_word' id='word_1_222' title='bbox 447 2440 661 2528; x_wconf 86' lang='grc' dir='ltr'><em>περιεχομένη</em></span> <span class='ocrx_word' id='word_1_223' title='bbox 684 2439 721 2507; x_wconf 74' lang='grc' dir='ltr'><em>δὲ</em></span> <span class='ocrx_word' id='word_1_224' title='bbox 742 2443 808 2508; x_wconf 85' lang='grc' dir='ltr'><em>ὑπὸ</em></span> <span class='ocrx_word' id='word_1_225' title='bbox 827 2452 895 2507; x_wconf 83' lang='grc' dir='ltr'><em>τῶν</em></span> <span class='ocrx_word' id='word_1_226' title='bbox 913 2445 1023 2526; x_wconf 85' lang='grc' dir='ltr'>ΕΘΖ,</span> <span class='ocrx_word' id='word_1_227' title='bbox 1046 2445 1161 2528; x_wconf 79' lang='grc' dir='ltr'><em>μείζων</em></span> 
     </span>
    </p>

    <p class='ocr_par' dir='ltr' id='par_1_4' title="bbox 225 2594 1205 2671">
     <span class='ocr_line' id='line_1_23' title="bbox 225 2594 1205 2671; baseline -0.001 -18"><span class='ocrx_word' id='word_1_228' title='bbox 225 2606 247 2655; x_wconf 89' lang='lat'><em>1.</em></span> <span class='ocrx_word' id='word_1_229' title='bbox 268 2597 418 2668; x_wconf 80' lang='grc' dir='ltr'><em>διαμέτρου</em></span> <span class='ocrx_word' id='word_1_230' title='bbox 437 2616 462 2668; x_wconf 86' lang='lat' dir='ltr'><em>V,</em></span> <span class='ocrx_word' id='word_1_231' title='bbox 483 2599 647 2668; x_wconf 73' lang='lat' dir='ltr'>comp.Vat.</span> <span class='ocrx_word' id='word_1_232' title='bbox 706 2601 752 2671; x_wconf 88' lang='lat' dir='ltr'><em>M]</em></span> <span class='ocrx_word' id='word_1_233' title='bbox 773 2598 848 2668; x_wconf 82' lang='grc' dir='ltr'><em>ὄμμα</em></span> <span class='ocrx_word' id='word_1_234' title='bbox 866 2617 891 2654; x_wconf 91' lang='lat' dir='ltr'><em>V.</em></span> <span class='ocrx_word' id='word_1_235' title='bbox 956 2605 981 2654; x_wconf 83' lang='lat'><em>3.</em></span> <span class='ocrx_word' id='word_1_236' title='bbox 1001 2596 1061 2671; x_wconf 88' lang='grc' dir='ltr'><em>ἴση]</em></span> <span class='ocrx_word' id='word_1_237' title='bbox 1080 2599 1124 2654; x_wconf 85' lang='lat' dir='ltr'><em>bis</em></span> <span class='ocrx_word' id='word_1_238' title='bbox 1136 2616 1160 2653; x_wconf 89' lang='lat' dir='ltr'><em>V.</em></span> <span class='ocrx_word' id='word_1_239' title='bbox 1203 2594 1205 2665; x_wconf 61' lang='grc' dir='ltr'><em>ζ</em></span> 
     </span>
    </p>

    <p class='ocr_par' dir='ltr' id='par_1_5' title="bbox 188 2669 1205 2743">
     <span class='ocr_line' id='line_1_24' title="bbox 188 2669 1205 2743; baseline -0.002 -17"><span class='ocrx_word' id='word_1_240' title='bbox 188 2672 262 2742; x_wconf 89' lang='grc' dir='ltr'><em>ΘΗ]</em></span> <span class='ocrx_word' id='word_1_241' title='bbox 284 2673 348 2726; x_wconf 90' lang='grc' dir='ltr'><em>ΘΝ</em></span> <span class='ocrx_word' id='word_1_242' title='bbox 362 2689 398 2725; x_wconf 94' lang='lat' dir='ltr'><em>m.</em></span> <span class='ocrx_word' id='word_1_243' title='bbox 489 2677 513 2724; x_wconf 83' lang='lat'><em>4.</em></span> <span class='ocrx_word' id='word_1_244' title='bbox 534 2671 634 2732; x_wconf 77' lang='grc' dir='ltr'><em>κύκλος</em></span> <span class='ocrx_word' id='word_1_245' title='bbox 653 2688 683 2739; x_wconf 92' lang='lat' dir='ltr'><em>V,</em></span> <span class='ocrx_word' id='word_1_246' title='bbox 708 2687 796 2739; x_wconf 77' lang='lat' dir='ltr'><strong>comp.</strong></span> <span class='ocrx_word' id='word_1_247' title='bbox 816 2670 880 2725; x_wconf 77' lang='lat' dir='ltr'>Vat.</span> <span class='ocrx_word' id='word_1_248' title='bbox 958 2670 989 2724; x_wconf 84' lang='grc' dir='ltr'><em>τὸ</em></span> <span class='ocrx_word' id='word_1_249' title='bbox 1010 2672 1114 2743; x_wconf 84' lang='grc' dir='ltr'><strong><em>ΝΚΑ]</em></strong></span> <span class='ocrx_word' id='word_1_250' title='bbox 1131 2669 1161 2724; x_wconf 84' lang='grc' dir='ltr'><em>τδ</em></span> <span class='ocrx_word' id='word_1_251' title='bbox 1202 2670 1205 2693; x_wconf 80' lang='lat'><strong>¹</strong></span> 
     </span>
    </p>
   </div>
   <div class='ocr_carea' id='block_1_3' title="bbox 150 2739 1205 3170">
    <p class='ocr_par' dir='ltr' id='par_1_6' title="bbox 150 2739 1205 3170">
     <span class='ocr_line' id='line_1_25' title="bbox 151 2739 1205 2813; baseline 0.004 -18"><span class='ocrx_word' id='word_1_252' title='bbox 151 2739 182 2796; x_wconf 76' lang='grc' dir='ltr'><em>δδ</em></span> <span class='ocrx_word' id='word_1_253' title='bbox 198 2745 287 2795; x_wconf 81' lang='grc' dir='ltr'><em>ΝΚΛ</em></span> <span class='ocrx_word' id='word_1_254' title='bbox 307 2743 380 2810; x_wconf 77' lang='lat' dir='ltr'>Vat,</span> <span class='ocrx_word' id='word_1_255' title='bbox 399 2750 430 2795; x_wconf 81' lang='grc' dir='ltr'><em>τῦ</em></span> <span class='ocrx_word' id='word_1_256' title='bbox 444 2746 500 2795; x_wconf 88' lang='grc' dir='ltr'><em>ΚΛ</em></span> <span class='ocrx_word' id='word_1_257' title='bbox 518 2759 544 2809; x_wconf 92' lang='lat' dir='ltr'><em>V,</em></span> <span class='ocrx_word' id='word_1_258' title='bbox 564 2740 595 2795; x_wconf 88' lang='grc' dir='ltr'><em>τὸ</em></span> <span class='ocrx_word' id='word_1_259' title='bbox 610 2745 696 2795; x_wconf 82' lang='grc' dir='ltr'><em>ΚΝΑ</em></span> <span class='ocrx_word' id='word_1_260' title='bbox 715 2760 752 2796; x_wconf 89' lang='lat' dir='ltr'><em>m.</em></span> <span class='ocrx_word' id='word_1_261' title='bbox 814 2747 838 2796; x_wconf 88' lang='lat'><em>5.</em></span> <span class='ocrx_word' id='word_1_262' title='bbox 860 2741 916 2796; x_wconf 85' lang='grc' dir='ltr'><em>ἴστι</em></span> <span class='ocrx_word' id='word_1_263' title='bbox 930 2741 976 2813; x_wconf 83' lang='grc' dir='ltr'><em>δή]</em></span> <span class='ocrx_word' id='word_1_264' title='bbox 998 2739 1074 2798; x_wconf 73' lang='grc' dir='ltr'><em>ἔστιν</em></span> <span class='ocrx_word' id='word_1_265' title='bbox 1088 2739 1120 2796; x_wconf 78' lang='grc' dir='ltr'><em>δέ</em></span> <span class='ocrx_word' id='word_1_266' title='bbox 1137 2758 1160 2809; x_wconf 85' lang='lat' dir='ltr'><em>V,</em></span> <span class='ocrx_word' id='word_1_267' title='bbox 1201 2742 1205 2799; x_wconf 72' lang='grc' dir='ltr'>ἔ</span> 
     </span>
     <span class='ocr_line' id='line_1_26' title="bbox 152 2810 1161 2885; baseline 0.001 -19"><span class='ocrx_word' id='word_1_268' title='bbox 152 2812 209 2868; x_wconf 80' lang='grc' dir='ltr'><em>ἴστἰ·</em></span> <span class='ocrx_word' id='word_1_269' title='bbox 222 2810 253 2867; x_wconf 72' lang='grc' dir='ltr'><em>δῖ</em></span> <span class='ocrx_word' id='word_1_270' title='bbox 272 2813 337 2868; x_wconf 70' lang='lat' dir='ltr'><em>Vah.</em></span> <span class='ocrx_word' id='word_1_271' title='bbox 400 2812 526 2883; x_wconf 74' lang='grc' dir='ltr'><em>ἔλασσον]</em></span> <span class='ocrx_word' id='word_1_272' title='bbox 548 2812 660 2868; x_wconf 79' lang='grc' dir='ltr'><em>ἴῖαττον</em></span> <span class='ocrx_word' id='word_1_273' title='bbox 679 2813 744 2868; x_wconf 80' lang='lat' dir='ltr'><strong>vat.</strong></span> <span class='ocrx_word' id='word_1_274' title='bbox 804 2814 886 2885; x_wconf 90' lang='grc' dir='ltr'><em>ΜΝ]</em></span> <span class='ocrx_word' id='word_1_275' title='bbox 908 2815 979 2866; x_wconf 91' lang='grc' dir='ltr'><em>ΝΜ</em></span> <span class='ocrx_word' id='word_1_276' title='bbox 992 2830 1028 2866; x_wconf 86' lang='lat' dir='ltr'><em>m.</em></span> <span class='ocrx_word' id='word_1_277' title='bbox 1087 2810 1161 2867; x_wconf 70' lang='grc' dir='ltr'><em>ἐλάσ-</em></span> 
     </span>
     <span class='ocr_line' id='line_1_27' title="bbox 151 2881 1160 2956; baseline -0.002 -17"><span class='ocrx_word' id='word_1_278' title='bbox 151 2885 217 2955; x_wconf 87' lang='grc' dir='ltr'><em>σων]</em></span> <span class='ocrx_word' id='word_1_279' title='bbox 238 2882 358 2938; x_wconf 79' lang='grc' dir='ltr'><em>ἐλάττων</em></span> <span class='ocrx_word' id='word_1_280' title='bbox 376 2901 402 2951; x_wconf 99' lang='lat' dir='ltr'><em>V,</em></span> <span class='ocrx_word' id='word_1_281' title='bbox 423 2882 536 2938; x_wconf 76' lang='grc' dir='ltr'><em>ἔλαττον</em></span> <span class='ocrx_word' id='word_1_282' title='bbox 554 2884 619 2939; x_wconf 76' lang='lat' dir='ltr'>vat.</span> <span class='ocrx_word' id='word_1_283' title='bbox 681 2891 704 2939; x_wconf 86' lang='lat'><em>6.</em></span> <span class='ocrx_word' id='word_1_284' title='bbox 724 2881 853 2956; x_wconf 85' lang='grc' dir='ltr'><em>κέντρου]</em></span> <span class='ocrx_word' id='word_1_285' title='bbox 873 2884 976 2938; x_wconf 75' lang='grc' dir='ltr'><em>κύκλου</em></span> <span class='ocrx_word' id='word_1_286' title='bbox 995 2901 1022 2952; x_wconf 88' lang='lat' dir='ltr'><em>V,</em></span> <span class='ocrx_word' id='word_1_287' title='bbox 1042 2887 1073 2938; x_wconf 79' lang='lat' dir='ltr'><em>et</em></span> <span class='ocrx_word' id='word_1_288' title='bbox 1090 2884 1160 2952; x_wconf 79' lang='lat' dir='ltr'>Vat,</span> 
     </span>
     <span class='ocr_line' id='line_1_28' title="bbox 150 2954 1150 3027; baseline 0 -18"><span class='ocrx_word' id='word_1_289' title='bbox 150 2972 218 3011; x_wconf 88' lang='lat' dir='ltr'><strong>corr.</strong></span> <span class='ocrx_word' id='word_1_290' title='bbox 238 2974 274 3011; x_wconf 91' lang='lat' dir='ltr'><em>m.</em></span> <span class='ocrx_word' id='word_1_291' title='bbox 290 2963 314 3011; x_wconf 75' lang='lat'><em>2.</em></span> <span class='ocrx_word' id='word_1_292' title='bbox 389 2954 475 3027; x_wconf 82' lang='grc' dir='ltr'><em>ἴαται]</em></span> <span class='ocrx_word' id='word_1_293' title='bbox 494 2972 519 3024; x_wconf 88' lang='lat' dir='ltr'><em>V,</em></span> <span class='ocrx_word' id='word_1_294' title='bbox 539 2955 603 3010; x_wconf 78' lang='lat' dir='ltr'><strong>vat.</strong></span> <span class='ocrx_word' id='word_1_295' title='bbox 619 2974 654 3010; x_wconf 90' lang='lat' dir='ltr'><em>m.</em></span> <span class='ocrx_word' id='word_1_296' title='bbox 671 2961 694 3024; x_wconf 89' lang='lat'><em>1,</em></span> <span class='ocrx_word' id='word_1_297' title='bbox 716 2956 782 3010; x_wconf 82' lang='grc' dir='ltr'><em>ἴστω</em></span> <span class='ocrx_word' id='word_1_298' title='bbox 800 2956 867 3026; x_wconf 89' lang='lat' dir='ltr'><em>Vm,</em></span> <span class='ocrx_word' id='word_1_299' title='bbox 886 2954 951 3010; x_wconf 70' lang='lat' dir='ltr'><em>Vat.</em></span> <span class='ocrx_word' id='word_1_300' title='bbox 965 2973 1002 3010; x_wconf 91' lang='lat' dir='ltr'><em>m.</em></span> <span class='ocrx_word' id='word_1_301' title='bbox 1017 2961 1044 3010; x_wconf 73' lang='lat'><em>2.</em></span> <span class='ocrx_word' id='word_1_302' title='bbox 1114 2959 1150 3009; x_wconf 81' lang='grc' dir='ltr'><em>τῶ</em></span> 
     </span>
     <span class='ocr_line' id='line_1_29' title="bbox 150 3025 1161 3150; baseline 0.002 -70"><span class='ocrx_word' id='word_1_303' title='bbox 150 3044 218 3082; x_wconf 83' lang='lat' dir='ltr'>corr.</span> <span class='ocrx_word' id='word_1_304' title='bbox 239 3044 273 3081; x_wconf 84' lang='lat' dir='ltr'><em>ex</em></span> <span class='ocrx_word' id='word_1_305' title='bbox 291 3026 322 3081; x_wconf 88' lang='grc' dir='ltr'><em>τό</em></span> <span class='ocrx_word' id='word_1_306' title='bbox 341 3026 374 3082; x_wconf 89' lang='lat' dir='ltr'><em>V.</em></span> <span class='ocrx_word' id='word_1_307' title='bbox 469 3031 492 3081; x_wconf 81' lang='grc' dir='ltr'><em>ἴ.</em></span> <span class='ocrx_word' id='word_1_308' title='bbox 517 3027 816 3099; x_wconf 80' lang='lat' dir='ltr'>KN]KMVat.¹m.</span> <span class='ocrx_word' id='word_1_309' title='bbox 907 3025 1039 3150; x_wconf 60' lang='grc' dir='ltr'><em>ΛΝχὶυ</em></span> <span class='ocrx_word' id='word_1_310' title='bbox 1057 3043 1112 3082; x_wconf 78' lang='lat' dir='ltr'><strong>ras.</strong></span> <span class='ocrx_word' id='word_1_311' title='bbox 1153 3069 1161 3094; x_wconf 88' lang='lat'>,</span> 
     </span>
     <span class='ocr_line' id='line_1_30' title="bbox 151 3097 1024 3170; baseline -0.002 -18"><span class='ocrx_word' id='word_1_312' title='bbox 151 3102 242 3152; x_wconf 84' lang='lat' dir='ltr'><em>MNA</em></span> <span class='ocrx_word' id='word_1_313' title='bbox 256 3116 282 3167; x_wconf 89' lang='lat' dir='ltr'><em>V,</em></span> <span class='ocrx_word' id='word_1_314' title='bbox 302 3100 331 3151; x_wconf 79' lang='lat' dir='ltr'><em>et</em></span> <span class='ocrx_word' id='word_1_315' title='bbox 345 3097 417 3167; x_wconf 68' lang='lat' dir='ltr'><em>Vah,</em></span> <span class='ocrx_word' id='word_1_316' title='bbox 438 3097 487 3151; x_wconf 81' lang='lat' dir='ltr'><em>sed</em></span> <span class='ocrx_word' id='word_1_317' title='bbox 506 3114 574 3153; x_wconf 83' lang='lat' dir='ltr'>corr.</span> <span class='ocrx_word' id='word_1_318' title='bbox 640 3104 662 3152; x_wconf 83' lang='lat'><em>9.</em></span> <span class='ocrx_word' id='word_1_319' title='bbox 682 3099 712 3170; x_wconf 81' lang='grc' dir='ltr'><em>ἡ]</em></span> <span class='ocrx_word' id='word_1_320' title='bbox 732 3116 785 3154; x_wconf 89' lang='lat' dir='ltr'><em>om.</em></span> <span class='ocrx_word' id='word_1_321' title='bbox 800 3117 825 3153; x_wconf 91' lang='lat' dir='ltr'><em>V.</em></span> <span class='ocrx_word' id='word_1_322' title='bbox 888 3107 943 3152; x_wconf 83' lang='grc' dir='ltr'><em>τῶν</em></span> <span class='ocrx_word' id='word_1_323' title='bbox 953 3099 981 3167; x_wconf 77' lang='lat' dir='ltr'><em>(a</em></span> <span class='ocrx_word' id='word_1_324' title='bbox 993 3099 1024 3167; x_wconf 77' lang='lat' dir='ltr'><em>t.)</em></span> 
     </span>
    </p>
   </div>
   <div class='ocr_carea' id='block_1_4' title="bbox 185 3097 1161 3365">
    <p class='ocr_par' dir='ltr' id='par_1_7' title="bbox 185 3097 1161 3365">
     <span class='ocr_line' id='line_1_31' title="bbox 185 3097 1161 3242; baseline 0.001 -19"><span class='ocrx_word' id='word_1_325' title='bbox 185 3171 295 3242; x_wconf 71' lang='grc' dir='ltr'><em>ΚΜΞ]</em></span> <span class='ocrx_word' id='word_1_326' title='bbox 315 3173 352 3222; x_wconf 92' lang='grc' dir='ltr'><em>Μ</em></span> <span class='ocrx_word' id='word_1_327' title='bbox 365 3168 396 3221; x_wconf 90' lang='lat' dir='ltr'><em>in</em></span> <span class='ocrx_word' id='word_1_328' title='bbox 413 3185 467 3223; x_wconf 75' lang='grc' dir='ltr'><em>τοι.</em></span> <span class='ocrx_word' id='word_1_329' title='bbox 487 3169 520 3238; x_wconf 92' lang='lat' dir='ltr'><em>V,</em></span> <span class='ocrx_word' id='word_1_330' title='bbox 540 3173 633 3223; x_wconf 87' lang='lat' dir='ltr'><em>KMZ</em></span> <span class='ocrx_word' id='word_1_331' title='bbox 651 3170 773 3225; x_wconf 77' lang='lat' dir='ltr'>Vat.¹m.</span> <span class='ocrx_word' id='word_1_332' title='bbox 857 3175 897 3224; x_wconf 93' lang='lat'><em>11.</em></span> <span class='ocrx_word' id='word_1_333' title='bbox 918 3097 1046 3242; x_wconf 57' lang='grc' dir='ltr'><em>σημεῖφῖ</em></span> <span class='ocrx_word' id='word_1_334' title='bbox 1055 3115 1161 3224; x_wconf 59' lang='lat' dir='ltr'><em>ffiss</em></span> 
     </span>
     <span class='ocr_line' id='line_1_32' title="bbox 186 3241 1161 3365; baseline 0.003 -73"><span class='ocrx_word' id='word_1_335' title='bbox 186 3246 227 3296; x_wconf 84' lang='lat'><em>13.</em></span> <span class='ocrx_word' id='word_1_336' title='bbox 250 3241 348 3365; x_wconf 49' lang='grc' dir='ltr'><em>ΖΘῖχχ</em></span> <span class='ocrx_word' id='word_1_337' title='bbox 368 3243 456 3299; x_wconf 76' lang='grc' dir='ltr'><em>ΞΘΕ</em></span> <span class='ocrx_word' id='word_1_338' title='bbox 474 3258 504 3309; x_wconf 91' lang='lat' dir='ltr'><em>V,</em></span> <span class='ocrx_word' id='word_1_339' title='bbox 524 3242 553 3293; x_wconf 77' lang='grc' dir='ltr'><em>οἴ</em></span> <span class='ocrx_word' id='word_1_340' title='bbox 571 3241 644 3308; x_wconf 74' lang='lat' dir='ltr'>Vat,</span> <span class='ocrx_word' id='word_1_341' title='bbox 665 3257 732 3295; x_wconf 83' lang='lat' dir='ltr'>corr.</span> <span class='ocrx_word' id='word_1_342' title='bbox 752 3259 788 3295; x_wconf 91' lang='lat' dir='ltr'><em>m.</em></span> <span class='ocrx_word' id='word_1_343' title='bbox 810 3248 834 3295; x_wconf 75' lang='lat'><em>2.</em></span> <span class='ocrx_word' id='word_1_344' title='bbox 915 3245 956 3295; x_wconf 89' lang='lat'><em>14.</em></span> <span class='ocrx_word' id='word_1_345' title='bbox 976 3249 1032 3295; x_wconf 83' lang='grc' dir='ltr'><em>τῶν</em></span> <span class='ocrx_word' id='word_1_346' title='bbox 1047 3243 1161 3310; x_wconf 72' lang='lat' dir='ltr'><strong>(utrum-</strong></span> 
     </span>
    </p>
   </div>
   <div class='ocr_carea' id='block_1_5' title="bbox 150 3310 1160 3453">
    <p class='ocr_par' dir='ltr' id='par_1_8' title="bbox 150 3310 1160 3453">
     <span class='ocr_line' id='line_1_33' title="bbox 150 3310 1160 3383; baseline 0.004 -20"><span class='ocrx_word' id='word_1_347' title='bbox 150 3312 226 3383; x_wconf 78' lang='lat' dir='ltr'>que)]</span> <span class='ocrx_word' id='word_1_348' title='bbox 246 3328 299 3366; x_wconf 89' lang='lat' dir='ltr'><em>om.</em></span> <span class='ocrx_word' id='word_1_349' title='bbox 346 3312 440 3366; x_wconf 75' lang='lat' dir='ltr'><strong>at.¹m.</strong></span> <span class='ocrx_word' id='word_1_350' title='bbox 520 3313 778 3383; x_wconf 85' lang='grc' dir='ltr'>ΑΗ,ΗΘ]ΑΗΘ</span> <span class='ocrx_word' id='word_1_351' title='bbox 796 3312 918 3367; x_wconf 78' lang='lat' dir='ltr'>Vat.¹m.</span> <span class='ocrx_word' id='word_1_352' title='bbox 999 3310 1160 3383; x_wconf 85' lang='lat' dir='ltr'><strong><em>KM‚M0]</em></strong></span> 
     </span>
     <span class='ocr_line' id='line_1_34' title="bbox 150 3382 1160 3453; baseline 0.003 -18"><span class='ocrx_word' id='word_1_353' title='bbox 150 3384 245 3436; x_wconf 89' lang='lat' dir='ltr'><em>KMO</em></span> <span class='ocrx_word' id='word_1_354' title='bbox 263 3382 407 3452; x_wconf 56' lang='grc' dir='ltr'><em>Μαίδων,</em></span> <span class='ocrx_word' id='word_1_355' title='bbox 427 3385 456 3436; x_wconf 80' lang='grc' dir='ltr'><em>εἴ</em></span> <span class='ocrx_word' id='word_1_356' title='bbox 473 3382 547 3452; x_wconf 77' lang='lat' dir='ltr'>vat,</span> <span class='ocrx_word' id='word_1_357' title='bbox 568 3400 635 3438; x_wconf 85' lang='lat' dir='ltr'>corr.</span> <span class='ocrx_word' id='word_1_358' title='bbox 655 3402 691 3438; x_wconf 91' lang='lat' dir='ltr'><em>m.</em></span> <span class='ocrx_word' id='word_1_359' title='bbox 712 3389 736 3439; x_wconf 77' lang='lat'><em>2.</em></span> <span class='ocrx_word' id='word_1_360' title='bbox 807 3389 847 3438; x_wconf 84' lang='grc'><em>16.</em></span> <span class='ocrx_word' id='word_1_361' title='bbox 869 3386 894 3438; x_wconf 92' lang='grc' dir='ltr'><em>Ο</em></span> <span class='ocrx_word' id='word_1_362' title='bbox 908 3382 982 3453; x_wconf 89' lang='lat' dir='ltr'>(pr.)]</span> <span class='ocrx_word' id='word_1_363' title='bbox 1004 3385 1029 3438; x_wconf 93' lang='lat'><em>0</em></span> <span class='ocrx_word' id='word_1_364' title='bbox 1049 3392 1160 3453; x_wconf 77' lang='grc' dir='ltr'><em>σημεῖον</em></span> 
     </span>
    </p>
   </div>
   <div class='ocr_carea' id='block_1_6' title="bbox 149 3452 1161 3597">
    <p class='ocr_par' dir='ltr' id='par_1_9' title="bbox 149 3452 1161 3597">
     <span class='ocr_line' id='line_1_35' title="bbox 149 3452 1161 3528; baseline 0.003 -21"><span class='ocrx_word' id='word_1_365' title='bbox 149 3452 272 3507; x_wconf 65' lang='lat' dir='ltr'><em>Vah.¹m.</em></span> <span class='ocrx_word' id='word_1_366' title='bbox 362 3462 456 3524; x_wconf 82' lang='grc' dir='ltr'><em>τμῆμα</em></span> <span class='ocrx_word' id='word_1_367' title='bbox 479 3455 583 3509; x_wconf 83' lang='grc' dir='ltr'><em>κάκῖον</em></span> <span class='ocrx_word' id='word_1_368' title='bbox 606 3455 728 3510; x_wconf 64' lang='lat' dir='ltr'><em>Vab.¹m.</em></span> <span class='ocrx_word' id='word_1_369' title='bbox 819 3455 868 3528; x_wconf 81' lang='grc' dir='ltr'><em>τῷ]</em></span> <span class='ocrx_word' id='word_1_370' title='bbox 891 3453 923 3508; x_wconf 86' lang='grc' dir='ltr'><em>τό</em></span> <span class='ocrx_word' id='word_1_371' title='bbox 941 3472 967 3508; x_wconf 90' lang='lat' dir='ltr'><em>V.</em></span> <span class='ocrx_word' id='word_1_372' title='bbox 1056 3460 1099 3510; x_wconf 80' lang='lat'><em>13.</em></span> <span class='ocrx_word' id='word_1_373' title='bbox 1128 3452 1161 3525; x_wconf 91' lang='lat'><em>0]</em></span> 
     </span>
     <span class='ocr_line' id='line_1_36' title="bbox 150 3523 714 3597; baseline 0.011 -22"><span class='ocrx_word' id='word_1_374' title='bbox 150 3537 252 3578; x_wconf 81' lang='lat' dir='ltr'>eeorr.</span> <span class='ocrx_word' id='word_1_375' title='bbox 271 3523 304 3578; x_wconf 87' lang='lat' dir='ltr'><em>V.</em></span> <span class='ocrx_word' id='word_1_376' title='bbox 379 3531 420 3579; x_wconf 88' lang='grc'><em>19.</em></span> <span class='ocrx_word' id='word_1_377' title='bbox 440 3533 488 3593; x_wconf 82' lang='grc' dir='ltr'><em>τῆς</em></span> <span class='ocrx_word' id='word_1_378' title='bbox 506 3558 540 3566; x_wconf 93' lang='grc'>-</span> <span class='ocrx_word' id='word_1_379' title='bbox 561 3527 597 3597; x_wconf 86' lang='lat'><em>0]</em></span> <span class='ocrx_word' id='word_1_380' title='bbox 616 3524 660 3579; x_wconf 82' lang='lat' dir='ltr'><em>bis</em></span> <span class='ocrx_word' id='word_1_381' title='bbox 678 3545 714 3581; x_wconf 90' lang='lat' dir='ltr'><em>m.</em></span> 
     </span>
    </p>
   </div>
   <div class='ocr_carea' id='block_1_7' title="bbox 69 3622 128 3712">
    <p class='ocr_par' dir='ltr' id='par_1_10' title="bbox 69 3622 128 3712">
     <span class='ocr_line' id='line_1_37' title="bbox 69 3622 128 3712; baseline 0 0"><span class='ocrx_word' id='word_1_382' title='bbox 69 3622 128 3712; x_wconf 56' lang='lat' dir='ltr'><em>&#39;k</em></span> 
     </span>
    </p>
   </div>
   <div class='ocr_carea' id='block_1_8' title="bbox 0 0 1216 3944">
    <p class='ocr_par' dir='ltr' id='par_1_11' title="bbox 0 0 1216 3944">
     <span class='ocr_line' id='line_1_38' title="bbox 0 0 1216 3944; baseline 0 1"><span class='ocrx_word' id='word_1_383' title='bbox 0 0 1216 3944; x_wconf 95' lang='lat' dir='ltr'><em> </em></span> 
     </span>
    </p>
   </div>
  </div>
 </body>
</html>
