2424 3944
402 154 572 204 EUOLIDIS
592 154 730 207 OPTICA.
1030 153 1073 216 33

54 297 106 361 ita
121 298 177 361 da
199 297 240 360 ad
262 297 313 360 ub.
360 297 415 361 sed
438 317 475 362 er
497 296 538 360 ad
560 296 601 361 br
622 297 790 381 proportio
815 294 864 362 est
886 302 974 383 nota,
997 299 1074 382 quia

55 402 192 467 termini
219 403 298 467 noti.
354 403 547 487 quantitatis
575 424 653 488 ergo
681 405 728 469 da
759 405 799 468 ad
826 405 868 468 ab
901 406 1071 490 proportio

55 513 146 574 nota.
193 513 226 573 et
248 514 298 574 est
321 511 360 574 ut
382 514 507 574 notum.
552 512 600 574 ud
622 531 700 595 ergo
723 515 839 574 notum
862 516 919 579 est.

126 739 249 804 Datam
270 739 523 826 longitudinem,
546 746 668 825 quanta
690 746 754 826 est,
776 742 925 825 reperire.

129 851 200 912 esto
224 848 300 911 data
320 847 492 932 longitudo
511 848 563 932 ub,
587 848 699 913 oculus
720 870 749 932 p,
773 853 806 912 et
825 848 973 914 accidant
991 849 1073 913 radii
1110 859 1127 906 5

56 956 105 1019 ba
128 959 161 1018 et
181 955 239 1038 pb,
271 958 303 1018 et
326 959 475 1018 sumatur
500 976 601 1039 prope
630 955 801 1036 oeulump
828 965 925 1038 super
948 956 1074 1019 radium

56 1061 146 1125 forte
168 1064 310 1146 punctus
328 1062 356 1139 d,
381 1065 413 1125 et
436 1060 585 1125 trahatur
606 1083 665 1144 per
683 1063 705 1124 d
725 1064 882 1144 punctum
904 1066 1011 1126 reatae
1031 1064 1074 1127 ub

328 1167 482 1251 parallela
513 1170 554 1233 de
588 1172 686 1232 reeta.
743 1168 986 1233 constituuntur
1018 1170 1074 1234 tri-

62 1259 93 1321 d
330 1273 407 1359 goni
430 1273 560 1338 similes.
597 1274 650 1338 uel
673 1275 728 1339 sio.
765 1297 862 1360 super
884 1277 928 1340 ab
951 1277 1074 1362 magni-

328 1380 474 1444 tudinem
499 1382 540 1445 ab
565 1381 659 1445 oeulo
683 1382 820 1445 dueatur
842 1383 990 1447 cathetus
1022 1385 1073 1467 db,
1094 1394 1128 1442 10

44 1510 91 1582 'e
330 1509 426 1569 super
466 1488 508 1551 db
547 1492 655 1552 autem
697 1488 867 1572 adaptetur
907 1491 1075 1574 perpendi-

59 1607 60 1611 ’
330 1593 462 1678 uularis,
503 1595 604 1659 donee
644 1615 702 1677 per
743 1594 812 1659 eius
849 1596 1023 1660 terminum
1059 1619 1075 1661 e

65 1716 87 1782 b
246 1744 274 1786 a
328 1688 489 1764 transiens
519 1700 609 1764 uisus
641 1699 751 1765 ueniat
784 1702 824 1766 ad
855 1703 1030 1767 terminum
1056 1704 1074 1767 b

328 1806 543 1892 longitudinis
567 1809 817 1892 cognoscendae.
856 1813 950 1873 erunt
972 1809 1075 1893 igitur

59 1917 127 1980 duo
150 1913 274 1998 trigoni
298 1913 434 1999 similes,
462 1917 495 1978 et
522 1914 626 1978 latera
648 1915 920 2000 proportionalia,
946 1919 979 1980 et
1001 1938 1075 1999 pro·
1094 1926 1127 1974 15

59 2021 196 2087 cedatur
219 2019 304 2084 sieut
325 2019 425 2103 prius.

130 2249 171 2314 In
194 2252 306 2315 eodem
328 2251 440 2336 plano,
471 2251 507 2314 in
537 2274 600 2335 quo
625 2253 752 2338 oculus,
784 2254 895 2318 oireuli
921 2255 1075 2339 periferia

56 2361 218 2445 ponatur,
241 2379 279 2420 ea
302 2356 414 2422 circuli
437 2357 589 2442 periferia
612 2363 702 2423 recta
723 2360 809 2423 linea
833 2366 976 2445 apparet.

130 2467 202 2528 esto
229 2463 382 2546 periferia
410 2462 521 2528 circuli
544 2465 599 2551 bp,
630 2465 666 2528 in
695 2467 808 2530 eodem
839 2467 937 2551 plano
964 2468 1073 2533 iacens

59 2570 177 2636 oculus
192 2591 222 2655 u,
241 2591 337 2653 aquo
357 2569 504 2634 aeeidant
517 2572 600 2636 radii
619 2572 671 2657 ab,
690 2574 744 2657 ud,
763 2594 812 2658 ae,
831 2594 882 2658 aa,
901 2575 948 2659 ai,
961 2580 1007 2659 ut,
1021 2597 1071 2657 up.
1092 2586 1128 2634 20

57 2750 276 2760 ...-.-..--—

134 2873 158 2922 9,
183 2868 230 2921 uel
249 2868 300 2939 sie]
319 2872 480 2938 compendia
497 2872 583 2926 dubia
600 2871 638 2925 D.
726 2877 767 2926 10.
793 2872 842 2943 ab]
862 2873 899 2926 ad
917 2873 955 2927 D.
1030 2878 1072 2926 12.

56 2939 123 3010 per]
141 2938 228 3023 pars?
247 2940 284 2994 D.
341 2940 485 3011 Piparam,
504 2960 586 3011 quum
603 2944 674 3010 dedi,
690 2951 800 3012 praeter
815 2962 882 3010 euru,
901 2962 982 3014 quum
996 2946 1073 3000 codd.

60 3011 165 3066 Graece
180 3013 321 3080 praebeat,
339 3013 418 3068 habet
435 3013 473 3067 D.

77 3291 185 3366 tortu]
204 3292 261 3348 ἐστι’
279 3313 343 3364 vm,
363 3298 391 3349 et
408 3296 487 3366 Vat,
512 3297 561 3349 sed
580 3314 648 3351 corr.
727 3303 769 3352 17.
792 3307 847 3352 τῶν
865 3300 1003 3370 πλευρῶν]
1021 3300 1073 3369 τὴν

57 3365 188 3434 πλευράν
201 3385 237 3421 m.
300 3373 342 3421 21.
363 3366 436 3422 ἐστιν
447 3369 519 3439 (pr.)]
536 3368 591 3422 ἐστι
604 3369 733 3423 Vatum.
794 3374 836 3422 23.
855 3370 915 3441 φιβ’]
934 3371 980 3440 κγ’
992 3372 1072 3426 codd.

97 3444 143 3492 24.
163 3438 278 3510 κύκλου]
299 3455 387 3507 eomp.
407 3440 514 3508 Vatm,
533 3440 593 3510 ὃΒ,
613 3438 628 3495 ὅ
647 3459 672 3494 v.
733 3445 775 3494 25.
794 3441 909 3512 κύκλου]
929 3459 1017 3511 comp.
1037 3443 1073 3511 B;

58 3508 129 3565 ὅλου
147 3509 222 3580 Vat,
241 3526 309 3564 oorr.
329 3527 365 3564 m.
386 3517 409 3564 2.

115 3609 268 3661 Euclides,
283 3609 332 3650 odd.
344 3609 447 3660 Hoiborg
461 3614 484 3651 et
497 3611 588 3661 Menge.
609 3612 663 3653 VII.
898 3608 914 3655 3
