2424 3944
157 204 220 269 182
363 200 571 255 omconuu
588 197 766 251 Βωοιιαοιο
784 191 949 247 molus,

155 352 269 432 ΚΖΒ,
287 350 388 411 ΒΑΚ
413 346 469 410 διδι
493 345 530 408 τὸ
557 342 594 408 ἐν
616 342 823 427 ἡμικυκλίοις
844 335 930 406 εἶναι
951 337 1007 406 καὶ
1030 339 1067 406 ἐκ
1089 339 1161 408 κέν-

154 478 236 541 τρου
267 456 326 530 τὰς
352 456 431 536 KZ,
454 455 537 535 ΚΛ,
568 447 647 516 καθ’
673 449 711 515 ἓν
742 459 878 534 σημεῖον
909 447 1097 535 ἐφάψοντιιι
1128 452 1165 517 αλ

155 564 231 645 ΒΛ,
254 565 317 625 ΒΖ
349 568 406 643 τῆς
432 561 587 644 σφαίρας·
624 557 662 622 αί
686 558 750 644 άρα
777 556 841 622 άπὸ
868 565 928 622 τοῦ
955 560 984 621 Β
1017 559 1163 643 ὄμματος

154 669 418 753 προσπίπτουσαι
446 664 575 740 ἀκτῖνες
600 664 683 728 κατά
708 664 767 740 τάς
789 667 867 748 ΒΖ,
884 666 947 729 ΒΛ
972 674 1162 732 πεσοῦνται.

120 772 210 839 σκαὶ
236 770 306 838 ἐπεὶ
332 769 449 854 ἑκάστη
478 783 547 836 τῶν
572 772 655 857 πρὸς
680 779 727 859 τῷ
756 775 786 836 Θ
813 781 946 854 γωνιῶν
973 771 1064 858 ὀρθὴ
1093 771 1162 838 ἐστι

156 881 271 944 διὰτὸ
294 879 505 965 παράλληλον
531 873 616 942 εἶναι
643 880 705 962 τὴν
728 880 789 942 ΓΔ
814 888 854 964 τῇ
879 882 957 962 ΖΛ,
984 877 1040 943 καὶ
1064 885 1120 964 ἴση
1141 879 1161 964 ἡ

156 990 220 1050 ΖΘ
247 996 286 1071 τῇ
311 989 390 1069 ΘΛ,-
414 985 471 1050 έδιν
494 985 535 1069 δὴ
558 986 720 1069 μενούσης
740 994 799 1069 της
823 988 885 1050 ΘΒ
911 986 949 1051 τὸ
975 990 1073 1051 ΘΖΒ
1098 990 1163 1074 τρί-

155 1115 264 1175 γωνον
286 1088 498 1178 περιενεχθὲν
525 1093 572 1168 είς
594 1094 631 1157 τὸ
659 1092 739 1157 αὐτὸ
768 1092 870 1158 πάλιν
895 1092 1161 1180 ἀποκατασταθῇ,

155 1198 238 1264 ὅθεν
259 1197 379 1284 ἡρξατο
398 1196 570 1284 φέρεσθαι,
592 1199 612 1280 ἡ
633 1221 668 1263 τε
685 1202 748 1262 ΒΖ
770 1196 1011 1285 περιφερομένη
1029 1197 1111 1266 καθ’
1126 1200 1162 1266 ἐν

103 1324 136 1374 10
156 1304 316 1389 ἐφάψεται
347 1314 405 1389 τὴς
431 1312 608 1390 σφαιρικὴς
635 1302 828 1399 ἐπιφανείας
857 1305 940 1370 κατά
967 1306 1004 1370 τὸ
1034 1311 1077 1390 Ζ,
1108 1304 1162 1371 καλ

155 1413 276 1489 κύκλος
294 1415 384 1476 ἔσται
401 1408 625 1497 γεγραμμένος
642 1411 699 1475 διά
711 1421 779 1475 τῶν
793 1414 831 1495 Ζ,
845 1413 877 1475 Λ
896 1413 1051 1495 σημείων.
1081 1413 1161 1478 ὥστε

155 1518 224 1603 ὑπὸ1
247 1519 370 1582 κύκλου
398 1516 440 1582 άν
462 1515 643 1602 περιέχοιτο
670 1517 708 1581 τὸ
731 1516 901 1602 ὁρώμενον
928 1526 986 1600 της
1007 1523 1160 1606 σφαίρας,

156 1625 174 1690 δ
196 1648 233 1708 γε
261 1627 395 1690 ἐλαττύν
419 1623 508 1688 ἐστιν
535 1622 769 1708 ἡμισφαιρίου·
797 1624 916 1709 τὸγὰρ
940 1628 1005 1689 ΖΛ
1029 1629 1161 1691 ἔλαττόν

156 1730 246 1797 ἐστιν
272 1730 477 1816 ἡμικυκλίου.
522 1731 605 1796 ὥστε
631 1728 687 1795 καὶ
712 1731 750 1795 τὸ
773 1730 838 1796 ὑπὸ
860 1740 919 1815 τῆς
941 1733 1050 1809 δύεως
1073 1753 1159 1818 περι-

103 1855 136 1906 15
155 1841 311 1923 εχόμενον
334 1840 469 1903 ἔλαττόν
492 1835 581 1902 ἐστιν
604 1836 832 1922 ἡμισφαιρίου.

629 2012 693 2079 κδ’.

228 2123 294 2184 Τοῦ
317 2122 461 2204 ὄμματος
482 2122 678 2205 προσιόντος
701 2122 813 2202 ἔγγιον
835 2129 892 2204 τὴς
910 2124 1057 2206 σφαίρας
1075 2125 1159 2187 ἐλατ-

156 2248 215 2290 τον
238 2229 327 2291 ἐσται
350 2227 387 2291 τὸ
410 2226 593 2310 ὁρώμενον,
616 2225 703 2304 δόξει
727 2222 764 2290 δέ
785 2229 895 2310 μεῖζον
917 2226 1074 2312 ὁρᾶσθαι.

224 2335 306 2398 ἔστω
329 2334 392 2419 γάρ
416 2345 552 2419 σφαῖρα,
574 2329 614 2417 ἡς
636 2333 773 2419 κέντρον
796 2337 878 2399 ἔστω
901 2334 938 2399 τδ
957 2337 1000 2417 Κ,
1023 2332 1080 2399 καὶ
1102 2333 1160 2399 ἀπὸ

105 2459 139 2508 κο
158 2448 217 2504 τοῦ
239 2446 273 2504 Δ
295 2442 438 2524 ὄμματος
465 2439 648 2523 ἐπεζεύχθω
673 2438 725 2504 ἐπὶ
746 2441 783 2504 τὸ
804 2438 942 2525 κέντρον
964 2437 985 2522 ἡ
1007 2444 1089 2524 ΔΚ,
1111 2435 1160 2504 καλ

159 2547 215 2611 διά
237 2555 297 2611 τοῦ
316 2550 351 2611 Κ
370 2547 453 2632 πρὸς
470 2547 577 2633 ὀρθάς
598 2548 692 2629 ἡχθω
716 2545 736 2629 ἡ
759 2549 831 2630 ΒΓ,
854 2544 930 2631 περὶ
953 2542 990 2610 δέ
1011 2547 1075 2630 τὴν
1096 2547 1163 2612 ΛΚ

157 2654 278 2729 κύκλος
306 2653 503 2739 γεγράφθω,
538 2650 593 2718 καὶ
626 2652 872 2736 ἐπεζεύχθωσαν
904 2653 941 2717 αί
970 2657 1058 2736 ΛΝ,
1085 2653 1161 2733 ΝΚ,

158 2766 238 2844 ΔΛ,
257 2764 334 2827 ΛΚ.
380 2761 504 2826 οὐκοῦν
526 2759 628 2845 ὀρθαὶ
651 2763 781 2825 ἔσονται
809 2761 846 2823 αί
865 2760 948 2844 πρὸς
970 2769 1042 2835 τοῖς
1064 2762 1110 2842 Λ,
1130 2759 1165 2823 Ν

159 2871 277 2950 γωνίαι
305 2868 361 2932 διά
388 2868 424 2931 τὸ
453 2867 489 2933 έν
512 2867 693 2954 ἡμικυκλίῳ
719 2861 816 2930 εἶναι·
849 2862 927 2930 καθ’
952 2865 990 2929 ἓν
1016 2866 1083 2951 άρα
1109 2863 1161 2948 ἐφ

231 3067 255 3116 ὅ.
281 3062 316 3132 Θ]
341 3077 441 3115 οοοιτ.
461 3079 497 3114 m.
518 3066 533 3113 1
553 3077 578 3114 v.
669 3064 692 3112 8.
717 3056 817 3129 είςτό]
842 3056 881 3119 εἰς
899 3074 924 3111 v.
1003 3061 1028 3112 9.
1054 3054 1115 3129 φέ-]
1133 3054 1159 3108 in

159 3149 213 3187 ras.
231 3132 264 3186 V.
343 3133 412 3186 Post
429 3129 460 3188 ἐν
479 3132 542 3186 add.
562 3139 675 3200 σημεῖον
694 3147 713 3198 p
732 3131 762 3183 et
778 3147 815 3184 m,
836 3144 888 3182 rec.
908 3127 941 3182 V.
1025 3134 1068 3183 13.
1088 3127 1104 3183 ὅ
1121 3126 1161 3211 γε]

160 3205 227 3257 mut.
247 3202 277 3255 in
295 3201 344 3257 καί
361 3222 397 3259 m.
417 3220 470 3259 reo.
484 3204 517 3258 V.
578 3201 662 3273 ἐστιν]
681 3203 750 3256 mut.
770 3199 800 3253 in
819 3199 894 3254 ἔσται
912 3217 948 3253 m.
967 3214 1021 3253 rec.
1042 3199 1075 3254 V.
1133 3214 1161 3251 το

161 3305 194 3313 -
219 3279 260 3328 15,
288 3272 488 3347 ἡμισφαιρίου]
515 3274 583 3327 mut.
608 3272 638 3325 in
660 3271 677 3342 ἡ
702 3270 755 3342 γὰρ
779 3275 829 3325 ΖΛ
852 3268 1000 3338 διάμετρος
1023 3265 1096 3324 οὖσα
1117 3275 1162 3323 τού

160 3344 263 3399 κύκλου
281 3354 331 3400 τοῦ
350 3349 525 3414 διαιροῦντος
546 3344 577 3398 τὸ
597 3343 739 3413 δρώμενον
762 3351 811 3412 τῆς
829 3338 951 3411 σφαίρας
973 3338 1094 3396 ἐλάττων
1113 3338 1163 3395 ἐστὶ

160 3423 209 3483 τῆς
227 3422 252 3470 Δ
259 3419 286 3469 Γ
304 3415 453 3485 διαμέτρου
473 3417 555 3485 ούσης
573 3423 622 3485 τῆς
640 3412 762 3484 σφαίρας
784 3431 820 3468 m.
839 3428 893 3467 rec.
913 3411 947 3466 V.
1040 3417 1082 3468 13.
1106 3415 1153 3467 ΖΛ

164 3489 224 3538 ΖΝ
238 3486 276 3555 V,
301 3489 334 3540 N
349 3504 432 3556 supra
450 3504 500 3542 ser.
519 3506 554 3541 m.
575 3493 590 3540 2
609 3504 636 3555 p.
720 3491 761 3538 14.
781 3483 837 3538 ἐστι
854 3501 882 3552 p.
954 3483 1152 3554 περιεχόμενον

162 3556 304 3625 δρώμενον
322 3576 341 3611 v
359 3560 387 3611 et
405 3574 489 3626 supra
507 3558 571 3613 add.
586 3576 621 3613 m,
639 3562 653 3611 1
671 3575 698 3626 p.
755 3561 795 3610 17.
817 3554 924 3625 ἔγγειον
938 3552 970 3608 V.
1027 3560 1071 3609 22.
1090 3554 1150 3610 AN
