2424 3944
143 170 208 234 260
564 169 720 221 εοιιοιιε

142 314 198 380 καὶ
220 315 316 398 βάσις
339 315 403 400 ἄρα
426 312 446 396 ἡ
471 313 534 378 ἀπὸ
558 321 618 377 τοῦ
642 318 673 375 Α
697 309 750 376 ἐπὶ
773 311 809 375 τὸ
836 315 865 375 Θ
886 321 926 397 τῇ
950 309 1015 376 ἀπὸ
1039 320 1101 376 τοῦ
1124 317 1158 376 Λ

144 420 196 486 ἐπὶ
229 423 265 486 τὸ
294 425 328 485 Κ
358 426 412 503 ίση
443 419 546 485 ἐστίν·
580 420 662 484 ὥστε
693 416 748 482 καὶ
780 416 973 504 περιφέρεια
1003 416 1025 501 η
1055 424 1087 483 Α
1095 423 1158 484 ΖΘ

143 531 335 615 περιφερείᾳ
357 538 397 612 τῇ
421 531 490 591 ΚΔ
518 526 606 591 ἐστιν
630 531 693 608 ίση.
738 524 852 608 MA
877 526 941 610 ἄρα
963 523 1157 611 περιφέρεια

144 645 201 718 τῆς
229 640 294 699 ΑΖ
326 637 446 718 μείζων
474 632 573 698 ἐστίν.
628 636 739 718 πολλῷ
767 633 831 716 ἄρα
858 634 977 714 μείζων
1002 640 1063 714 τῆς
1091 639 1123 697 A
1131 637 1157 696 Z

95 741 164 825 «οὴ
188 746 306 805 ΗΚΔ.
344 739 415 805 ἀλλ’
438 737 490 804 ἐπὶ
513 735 573 823 μὲν
595 747 653 821 τῆς
676 744 708 802 A
715 743 741 801 Z
765 735 904 821 βέβηκεν
925 736 946 820 η
970 737 1037 802 ὑπὸ
1056 743 1157 802 ΑΕΖ

144 851 264 930 γωνία,
293 844 346 911 ἐπὶ
369 843 406 910 δέ
429 854 487 928 τῆς
509 848 619 909 ΗΚΔ
646 847 857 930 περιφερείας
882 842 1023 927 βέβηκεν
1048 844 1069 928 η
1092 845 1156 909 ὑπὸ

28 956 32 964 ’
145 958 184 1017 Η
188 958 256 1017 ΕΛ
279 955 396 1035 γωνία·
421 955 526 1035 γωνία
548 953 613 1037 ίίρα
635 951 655 1034 ἡ
678 950 743 1015 ὑπὸ
762 954 870 1014 ΗΒΑ
891 958 949 1033 τῆς
971 949 1037 1015 ὑπὸ
1057 956 1157 1015 ΑΕΖ

47 1095 50 1099 ·
145 1062 262 1143 μείζων
290 1058 389 1123 έστίν.
445 1056 518 1123 ἀλλ’
542 1057 608 1122 ὑπὸ
640 1053 700 1141 μέν
732 1065 789 1140 τῆς
815 1056 881 1121 ὑπὸ
909 1061 1009 1121 ΑΒΖ
1042 1057 1063 1140 ἡ
1091 1062 1157 1121 ΑΒ

145 1166 260 1230 εὐθεῖα
284 1165 415 1251 ὁρᾶται,
442 1165 507 1229 ὑπὸ
531 1160 568 1228 δὲ
591 1173 649 1247 τῆς
671 1163 736 1228 ὑπὸ
760 1167 869 1227 ΗΕΛ
890 1162 911 1246 η
936 1166 1009 1227 ΓΔ·
1038 1167 1158 1247 μείζων

94 1284 126 1332 10
146 1274 208 1357 ἄρα
233 1269 348 1357 ὁρᾶται
372 1270 392 1354 η
417 1275 478 1336 ΓΔ
500 1280 558 1354 τῆς
580 1274 655 1334 ΑΒ.

168 1362 170 1368 ¹
212 1378 263 1442 ὅτι
291 1374 328 1441 δέ
354 1375 375 1459 η
404 1382 470 1441 ΒΘ
502 1383 555 1459 ίση
584 1374 653 1440 ἐστὶ
681 1385 720 1460 τῇ
749 1379 826 1459 ΓΚ,
859 1374 1008 1460 ὃειξομεν
1039 1375 1158 1455 οὕτως·

146 1482 215 1548 ἐπεὶ
237 1482 258 1566 η
278 1489 310 1547 A
317 1488 344 1546 Β
368 1493 408 1568 τῇ
428 1486 489 1546 ΓΔ
512 1489 566 1566 ίση
591 1481 673 1565 έστί,
696 1481 751 1547 καὶ
774 1483 908 1548 κάθετοι
934 1480 987 1547 ἐπὶ
1012 1483 1074 1566 την
1094 1490 1159 1549 ΑΛ

146 1591 183 1654 αί
206 1593 283 1672 ΘΒ,
308 1592 387 1671 ΓΚ,
420 1588 627 1674 παράλληλοί
653 1591 738 1654 είσιν
765 1591 803 1653 αί
823 1593 902 1672 ΒΘ,
922 1591 990 1652 ΓΚ
1014 1590 1159 1655 εὐθεῖαι·

145 1699 446 1782 προσεκβληθεῖσαι
460 1696 665 1782 παράλληλοι
680 1698 819 1760 ἔσονται.
842 1698 1159 1781 προσεκβεβλήσθω-

93 1816 126 1865 15
146 1819 209 1867 σαν
231 1800 286 1867 καὶ
305 1806 453 1867 ἔστωσαν
472 1803 509 1866 αί
528 1807 600 1885 ΘΟ,
615 1805 695 1885 ΚΠ,
718 1799 773 1866 καὶ
792 1804 944 1886 είληφθω
963 1803 1000 1866 τὸ
1020 1801 1160 1889 κέντρον

145 1918 204 1973 τοῦ
233 1910 357 1973 κύκλου
384 1906 440 1972 καὶ
467 1911 549 1973 έστω
576 1909 613 1972 τὸ
637 1912 677 1990 Ρ,
709 1905 765 1972 καὶ
793 1907 855 1972 ἀπὸ
884 1916 944 1973 τοῦ
967 1913 997 1972 Ρ
1022 1907 1076 1974 ἐπὶ
1100 1907 1159 1994 μὲν

145 2015 203 2090 τὰς
229 2019 306 2098 ΘΟ,
325 2019 399 2079 ΚΠ
423 2014 558 2079 κάθετοι
584 2016 743 2098 ἤχθωσαν
773 2015 811 2078 αί
836 2018 915 2098 ΡΝ,
935 2014 1008 2099 ΡΞ,
1042 2015 1096 2081 ἐπὶ
1124 2013 1160 2081 δὲ

145 2121 206 2203 την
228 2126 294 2185 ΑΔ
316 2123 399 2206 πρὸς
422 2121 529 2207 ὀρθὰς
551 2120 571 2204 ἡ
590 2125 664 2185 ΡΣ.
700 2119 721 2203 ἡ
740 2125 806 2185 ΡΣ
826 2122 889 2207 ἄρα
913 2122 989 2204 δίχα
1013 2124 1075 2206 την
1095 2128 1160 2188 ΑΛ

146 2227 228 2290 κατὰ
250 2228 287 2290 τὸ
311 2232 346 2290 Σ
371 2239 469 2311 τεμεί.
515 2227 598 2292 ἀλλὰ
620 2225 676 2291 καὶ
698 2227 719 2311 η
742 2232 808 2292 ΑΒ
835 2239 875 2313 τῇ
900 2230 961 2292 ΓΛ
987 2228 1159 2295 ὑπόκειται

94 2348 128 2397 20
147 2337 213 2415 ίση·
246 2330 302 2396 καὶ
330 2335 427 2417 λοιπὴ
456 2335 519 2419 ἄρα
546 2334 566 2418 ἡ
595 2337 665 2398 ΒΣ
690 2343 729 2418 τῇ
754 2337 823 2397 ΣΓ
846 2341 900 2417 ίση
929 2334 1029 2400 έστίν.
1077 2336 1160 2401 ἀλλὰ

146 2437 200 2502 καὶ
228 2438 341 2522 ηΒΣ
364 2449 404 2525 τῇ
427 2443 498 2504 ΝΡ
522 2445 576 2522 ίση
600 2439 704 2522 ἐστίν,
731 2437 786 2503 καὶ
813 2438 834 2522 η
857 2443 929 2504 ΣΓ
951 2449 990 2525 τῇ
1015 2441 1081 2513 ΡΞ
1106 2448 1159 2526 ίση

219 2744 242 2792 1.
262 2737 319 2792 ἀπό
335 2738 409 2808 (pr.)]
429 2754 497 2791 corr.
518 2755 552 2791 ex
569 2736 625 2791 ὑπό
643 2738 676 2793 Β.
749 2744 773 2792 3.
794 2737 838 2807 ίση
858 2735 932 2793 ἐστίν
951 2738 1070 2794 MRFu.
1128 2741 1157 2812 ἡ]

147 2818 180 2880 τῇ
199 2809 251 2864 Fu.
337 2815 362 2863 4.
380 2817 430 2878 τῆς
444 2811 516 2880 (pr.)]
539 2808 605 2862 hinc
623 2809 671 2863 fol.
692 2809 790 2863 eodem
814 2826 893 2863 uerso
912 2810 946 2878 F,
970 2810 1035 2865 add.
1055 2820 1106 2866 τοῦ
1127 2815 1156 2867 Θ.

182 2878 238 2934 ἐστί
256 2880 310 2934 Fu.
398 2885 421 2934 7.
442 2880 627 2951 ΗΕΔ(ιι1ί.)]
648 2885 730 2935 ΗΒΔ
748 2881 801 2934 Fu.
888 2886 913 2936 8.
931 2879 987 2934 ὑπό
1001 2881 1087 2954 (alt.)]
1107 2900 1157 2937 om.

147 2950 235 3006 MFu.
317 2956 341 3004 9.
361 2950 416 3004 ὑπό
431 2951 504 3021 (pr.)]
524 2949 570 3005 ἐπί
588 2952 644 3004 Ru.
725 2951 883 3024 ὑπό(ω1ο.)]
904 2968 956 3005 om.
976 2953 1014 3007 M.
1100 2955 1157 3025 ΓΔ]

149 3026 198 3076 ΓΛ
218 3023 317 3075 εθθεῑα
336 3021 454 3074 ΜΒΡΠ.
546 3026 586 3075 10.
612 3022 733 3146 ὁρᾶταιὲ
747 3039 799 3077 om.
819 3023 936 3076 MRFu.
1024 3026 1157 3149 ΑΒέὶΑΒ

149 3092 378 3160 ὁρᾶταιΜΒΡιι,
436 3098 476 3146 11.
496 3090 568 3164 ἐστί]
584 3093 706 3146 om.MR
737 3111 764 3147 u.
821 3091 1071 3165 12.ἐστί]οιω.Μ
1106 3096 1157 3149 Fu.

185 3169 226 3217 13.
248 3168 303 3217 ΓΚ
311 3165 384 3234 (pr.)]
399 3168 458 3217 ΚΓ
472 3163 509 3232 Μ,
530 3166 558 3217 et
573 3180 640 3218 corr.
657 3181 690 3217 ex
707 3168 755 3219 ΓΔ
773 3182 800 3219 u.
856 3164 907 3219 είσι
926 3183 952 3233 q.
1012 3170 1070 3220 ΓΚ
1077 3166 1157 3237 (alt.)]

149 3239 208 3288 ΚΓ
222 3234 340 3290 MRFu.
410 3240 451 3287 14.
471 3237 723 3306 προσεκβληθεῑσαι
739 3268 771 3276 -
787 3241 828 3290 18.
848 3234 925 3307 δίχα]
944 3235 1056 3307 διήχθω
1075 3235 1158 3291 πάλιν

149 3304 198 3359 διὰ
216 3314 264 3360 τοῦ
284 3303 400 3374 κέντρον
418 3314 468 3360 τοῦ
490 3310 513 3358 Ρ
528 3306 597 3374 πρὸς
615 3305 706 3373 ὀρθὰς
722 3314 756 3377 τῇ
770 3312 819 3361 ΑΔ
837 3307 854 3376 ἡ
874 3311 933 3375 ΡΣ,
952 3308 1000 3362 καὶ
1020 3306 1087 3378 δίχα
1106 3309 1157 3377 ἄρα

149 3377 265 3430 MRFu.
348 3383 391 3430 19.
410 3376 558 3432 ἀπόκειται
576 3395 602 3430 ιι.
685 3385 727 3432 21.
747 3375 795 3432 καί
806 3380 878 3449 (pr.)]
899 3395 951 3434 om.
972 3397 998 3432 u.
1074 3379 1155 3450 ἐστίν]

150 3464 202 3500 om.
213 3448 330 3501 MRFu.
388 3446 431 3517 ίση
447 3445 520 3502 ἐστίν
531 3448 902 3574 (Νέηρίπαραλληίόγραμμα
916 3448 969 3519 γὰρ
982 3449 1019 3504 τὰ
1034 3456 1056 3505 Β
1064 3457 1091 3521 Ρ,
1104 3455 1155 3505 ΡΓ.

150 3519 198 3572 καὶ
216 3519 233 3587 ἡ
254 3521 313 3571 ΝΡ
329 3517 385 3585 ἄρα
403 3528 437 3590 τῇ
457 3522 519 3578 ΝΞ
535 3519 579 3589 ἴση
633 3520 716 3575 RFU.
