2424 3944
140 174 183 240 80
478 173 648 227 ωυοιωω
667 173 804 226 0ch.

138 323 202 406 άρα
225 321 407 405 φανήσεται
433 317 453 400 ή
477 321 543 382 ΑΒ
571 325 628 400 τής
651 320 723 380 ΕΖ.
768 315 870 381 πάλιν
895 313 965 382 ἐπεὶ
987 318 1106 400 μείζων
1127 316 1146 400 ή

138 429 221 512 πρὸς
243 436 289 514 τῳ
315 430 343 490 Θ
369 421 582 509 περιεχομένη
608 423 673 488 ὑπὸ
701 433 769 487 τῶν
791 426 871 506 ΕΘ,
893 427 955 487 ΘΖ
983 430 1042 506 τής
1068 423 1148 509 πρὸς

138 542 183 620 τῷ
216 536 258 615 Θ,
290 528 521 616 περιεχομένης
550 525 586 593 δὲ
612 528 678 593 ὑπὸ
706 539 774 594 τῶν
802 532 913 612 ΓΘΔ,
939 532 1061 613 μείζων
1088 532 1148 615 ὄρα

140 639 324 722 ὀφθήσεται
347 637 368 720 ή
391 642 455 702 ΕΖ
477 647 535 719 τῆς
558 639 627 700 ΓΔ.

103 848 119 895 5
617 829 679 899 λς’.

210 961 284 1022 Τῶν
307 956 461 1041 ἁρμάτων
485 957 520 1021 οί
540 953 652 1041 τροχοί
675 952 753 1021 ποτὲ
775 952 836 1039 μὲν
853 955 1056 1032 κυκλοειδεῖς
1075 957 1147 1038 φαί-

138 1048 268 1147 νονται,
290 1059 368 1129 ποτέ
392 1060 429 1127 δὲ
450 1061 724 1148 παρεσπασμένοι.
1012 1131 1014 1134 ,

205 1173 287 1235 ἔστω
318 1172 435 1256 τροχὸς
462 1170 479 1236 ὁ
503 1177 536 1234 Α
542 1175 570 1234 Β
577 1173 651 1253 ΓΑ,
684 1167 740 1234 καὶ
764 1170 958 1253 διήχθωσαν
982 1169 1147 1255 διάμετροι

140 1278 177 1342 αί
193 1281 264 1361 ΒΑ,
284 1281 345 1342 ΓΔ
367 1276 546 1362 τέμνουσαι
569 1276 712 1360 ἀλλήλας
733 1277 817 1362 πρὸς
838 1275 944 1362 ὀρθάς
966 1276 1051 1340 κατὰ
1069 1277 1106 1341 τὸ
1123 1279 1150 1340 Β

88 1399 122 1448 10
141 1395 290 1468 σημεῖον,
313 1382 369 1448 καὶ
392 1388 515 1448 κείσθω
539 1385 627 1468 ὄμμα
650 1384 694 1467 μή
718 1382 754 1448 έν
776 1392 821 1469 τῷ
846 1380 989 1470 ἐπιπέδῳ
1013 1392 1075 1447 τοῦ
1097 1383 1149 1447 κά-

139 1495 230 1555 κλου.
286 1490 344 1555 ἐὰν
375 1492 439 1576 άρα
471 1492 491 1575 ή
520 1489 582 1555 άπὸ
611 1498 670 1555 τοῦ
698 1491 843 1574 ὄμματος
870 1487 923 1553 ε’πὶ
949 1490 987 1554 τὸ
1016 1486 1149 1575 κέντρον

141 1595 396 1681 ἐπιζευγνυμένη
418 1598 501 1683 πρὸς
524 1596 630 1682 ὀρθάς
653 1590 674 1682 ᾖ
696 1605 742 1684 τῷ
767 1592 908 1683 ἐπιπέδῳ
932 1593 953 1678 ή
977 1601 1033 1678 ίση
1056 1593 1149 1681 τῇέκ

140 1713 200 1769 τοῦ
231 1703 388 1789 κέντρου,
427 1705 464 1768 αί
493 1703 663 1788 διάμετροι
693 1711 797 1767 πᾶσαι
833 1708 900 1766 ίσαι
933 1704 1148 1786 φανήσονται·

141 1811 223 1874 ὥστε
247 1809 264 1874 ὁ
283 1811 401 1896 τροχὸς
423 1808 616 1891 κυκλοειδής
639 1810 801 1892 φαίνεται.
838 1805 896 1871 ἐὰν
915 1803 990 1888 δὲή
1012 1806 1076 1872 άπὸ
1095 1813 1148 1871 τοῦ

90 1908 287 1999 15ὄμματος
306 1914 358 1980 ἐπὶ
376 1916 414 1980 τὸ
428 1913 566 2002 κέντρον
585 1911 840 1998 ἐπιζευγνυμένη
859 1915 939 1997 μήτε
952 1913 1037 1998 πρὸς
1050 1913 1150 2000 ὀρθάς

142 2015 231 2108 ήτῳ
257 2020 399 2109 ἐπιπέδῳ
422 2024 502 2106 μήτε
531 2028 584 2104 ίση
611 2029 651 2107 τῇ
680 2020 716 2086 ἐκ
743 2029 803 2085 τοῦ
830 2017 985 2104 κέντρου,
1019 2021 1057 2084 αί
1086 2019 1149 2085 διά-

144 2137 257 2212 μετροι
285 2128 394 2192 άνισοι
424 2129 646 2213 φανήσονται,
677 2130 736 2211 μία
768 2123 829 2211 μὲν
860 2129 996 2210 μεγίστη
1029 2130 1089 2211 μία
1119 2122 1149 2191 δὲ

144 2232 311 2318 ἐλαχίστη,
339 2234 427 2320 πάση
450 2231 487 2298 δὲ
511 2236 592 2319 άλλη
615 2231 735 2318 μεταξὺ
762 2241 821 2316 τῆς
842 2235 997 2316 μεγίστης
1024 2231 1150 2316 καὶτῆς

146 2339 316 2425 ἐλαχίστης
340 2339 498 2426 διηγμένη
522 2343 603 2423 άλλη
626 2343 685 2424 μία
703 2343 808 2424 μόνον
827 2338 1012 2424 ὀφθήσεται
1032 2345 1088 2424 λ’ση
1106 2335 1149 2404 ἐπὶ

91 2463 125 2514 20
144 2448 184 2511 τά
202 2445 295 2534 ἕτερα
313 2446 394 2533 μέρη
414 2446 585 2532 διηγμένη·
610 2448 693 2512 ὥστε
717 2446 734 2512 ὁ
753 2447 870 2533 τροχὸς
888 2445 1149 2532 παρεσπασμένος

146 2557 307 2639 φαίνεται.

623 2677 682 2757 λζ’.
1192 2678 1194 2787 Ι

201 2802 295 2868 ’Ἐστι
316 2807 426 2887 τόπος,
448 2799 489 2869 οὗ
507 2812 567 2868 τοῦ
586 2804 731 2887 ὄμματος
748 2799 916 2886 μένοντος,
939 2811 1000 2867 τοῦ
1020 2797 1148 2888 δδδρω
1188 2792 1194 2825 ’“

145 2908 247 2994 μένου
270 2908 526 2994 μεθισταμένου,
550 2915 623 2974 ίσον
647 2907 697 2974 ἀεὶ
719 2909 756 2974 τὸ
781 2908 950 2995 ὁρώμενον
973 2911 1131 2993 φαίνεται.

93 3025 127 3076 25
213 3021 294 3082 ἔστω
319 3018 406 3102 ὄμμα
424 3018 462 3082 τὸ
479 3022 521 3100 Α,
545 3016 715 3102 ὁρώμενον
734 3012 770 3080 δὲ
788 3013 929 3099 μέγεθος
947 3015 984 3080 τὸ
1001 3019 1074 3100 ΒΓ,
1097 3007 1146 3097 ἀφ’

151 3119 191 3189 οὗ
218 3121 512 3209 προσπιπτέτωσαν
544 3122 673 3200 ἀκτῖνες
700 3124 736 3187 αί
762 3127 842 3205 ΑΒ,
866 3125 946 3205 ΑΓ,
984 3119 1042 3186 καὶ
1069 3143 1148 3205 περι-

146 3230 328 3315 γεγράφθω
351 3229 426 3318 περὶ
449 3231 486 3295 τὸ
510 3234 615 3294 ΑΒΓ
636 3230 756 3305 κύκλος
784 3228 801 3294 ὁ
825 3232 934 3294 ΑΒΓ.
981 3225 1081 3313 λέγω,
1107 3227 1148 3292 ὄτι

218 3462 242 3509 2.
262 3455 329 3527 ὑπό]
349 3453 380 3510 δὲ
398 3456 454 3511 ὑπό
473 3475 508 3511 m.
583 3457 834 3528 ΕΘ,ΘΖ]ΕΘΖ
852 3472 888 3510 m.
955 3457 1108 3582 ΘΖχοοπ.
1122 3469 1151 3508 ex

150 3527 205 3581 ΘΕ
223 3527 286 3581 Vat.
356 3533 379 3582 3.
400 3524 581 3599 περιεχομένη
600 3545 636 3581 m.
711 3533 735 3582 5.
754 3525 811 3598 λς’]
832 3542 927 3596 οων,
947 3529 993 3596 με’
1036 3525 1149 3599 ,μγ’λ,

72 3622 140 3712 λ
