2424 3944
155 190 222 254 294
545 193 777 246 οετοιταιοε.

153 345 332 401 πεσοῦνται
355 335 409 401 ἐπὶ
431 338 471 401 τὰ
489 340 529 418 Ε,
547 343 589 400 A.
626 334 810 420 ἐπεζεύχθω
833 337 898 420 γὰρ
916 335 938 419 ἡ
956 339 1027 400 ΗΖ
1050 335 1164 399 εὐθεῖα

153 441 208 507 καὶ
232 442 444 526 ἐκβεβλήσθω
468 441 521 527 ἐφ’
542 441 686 528 ε’κοίτερα.
737 440 806 507 ἐπεὶ
830 448 885 524 ἴση
909 440 999 506 ἐστὶν
1026 441 1048 525 ἡ
1071 445 1119 527 Κ,
1139 446 1166 506 Θ

152 558 192 633 τῇ
220 553 251 613 A
284 551 340 613 διὰ
367 551 404 613 τὸ
433 548 470 613 ἐν
498 556 585 625 ἴσαις
614 549 824 614 ἀνακλᾶσθαι
856 550 1008 631 γωνίαις,
1041 554 1092 631 εἰη
1126 547 1166 613 ἂν

152 659 271 739 μείζων
293 655 313 738 ἡ
338 660 437 738 Λ,Μ
454 666 512 739 τῆς
529 660 569 720 K.
605 652 688 738 ἡδὲ
705 660 740 719 Κ
759 665 817 738 τῆς
835 654 925 738 Ν,Ξ
945 654 1014 718 έστι
1037 657 1166 738 μείζων,

119 762 174 845 εὴ
198 759 234 827 δὲ
257 767 302 845 Ν,
322 761 352 834 Ξ
370 771 429 844 τῆς
452 767 491 845 0,
511 768 548 827 Π
566 766 697 846 μείζων·
728 762 812 845 αὐτὴ
835 763 899 847 γὰρ
922 761 943 844 ἡ
967 760 998 834 Ξ
1018 767 1074 844 ἴση
1099 758 1167 825 ἐστὶ

152 879 192 953 τῇ
218 875 256 951 O,
275 873 324 932 Π·
347 872 466 952 μείζων
488 870 553 953 ἄρα
575 869 596 952 ἡ
620 873 660 952 A,
679 872 724 933 Μ
741 878 799 952 τῆς
824 873 863 950 0,
881 872 924 932 Π.
965 871 1079 953 πολλῷ
1104 869 1167 951 ἄρα

152 975 173 1057 ἡ
197 978 242 1056 A,
260 979 305 1039 Μ
326 984 383 1058 τῆς
408 981 437 1039 0
457 979 576 1058 μείζων
599 975 699 1039 ε’στίν.
745 975 807 1040 οὐκ
829 976 894 1059 ἄρα
917 982 1165 1056 συμπεσοῦνται

153 1083 190 1144 αί
213 1086 284 1163 ΖΔ,
302 1085 374 1145 HE
395 1081 524 1146 εὐθεῖαι
548 1078 627 1146 οὐδὲ
649 1083 858 1167 παράλληλοί
877 1083 972 1145 εἰσιν.

640 1336 678 1376 ε.

101 1448 134 1495 10
217 1434 271 1501 Ἐν
299 1448 369 1512 τοῖς
395 1439 519 1512 κοίλοις
547 1435 719 1521 ἐνόπτροις
746 1435 804 1501 ἐὰν
831 1435 852 1519 ἢ
880 1434 933 1501 ε’πὶ
960 1437 997 1500 τὸ
1025 1434 1167 1520 κέντρον

151 1541 172 1625 ἢ
196 1542 248 1607 ἐπὶ
271 1553 329 1626 τῆς
350 1546 560 1628 περιφερείας
583 1541 714 1625 ἣέκτὸς
736 1551 794 1625 τῆς
812 1545 1025 1627 περιφερείας
1042 1548 1111 1627 θῇς
1128 1544 1164 1606 τὸ

152 1651 249 1734 ὄμμα,
267 1649 416 1714 τουτέστι
430 1649 550 1734 μεταξὺ
568 1658 628 1713 τοῦ
643 1647 782 1734 κέντρου
801 1646 857 1713 καὶ
871 1658 928 1732 τῆς
942 1651 1164 1734 περιφερείας,

151 1758 188 1819 αί
208 1759 301 1833 ὄψεις
324 1755 551 1841 ἀνακλώμεναι
575 1763 828 1839 συμπεσοῦνται.

218 1865 299 1927 ἔστω
332 1868 446 1927 κοῖλον
476 1865 637 1947 ένοπτρον
665 1863 701 1926 τὸ
729 1865 844 1945 ΑΓΔ,
876 1860 1016 1948 κέντρον
1043 1859 1082 1927 δὲ
1109 1871 1164 1946 τῆς

101 1979 133 2027 15
153 1971 297 2053 σφαίρας
318 1971 355 2033 τὸ
379 1974 423 2053 Β,
454 1967 509 2033 καὶ
535 1973 660 2033 κείσθω
688 1969 725 2033 τὸ
753 1971 841 2053 ὄμμα
869 1966 921 2033 ἐπὶ
948 1977 1009 2033 τοῦ
1033 1973 1078 2051 Β,
1110 1967 1163 2033 καὶ

150 2074 445 2159 προσπιπτέτωσαν
464 2075 528 2139 ἀπὸ
543 2083 603 2138 τοῦ
617 2079 646 2138 Β
665 2077 758 2152 ὄψεις
775 2075 859 2159 πρὸς
873 2076 934 2158 τὴν
948 2075 1163 2162 περιφέρειαν

151 2182 188 2243 αί
209 2184 285 2263 BA,
309 2184 386 2263 ΒΓ,
410 2185 482 2245 ΒΛ.
533 2186 601 2244 ίσαι
630 2182 694 2266 ἄρα
723 2178 809 2245 εἰσὶν
836 2182 873 2244 αί
897 2181 981 2266 πρὸς
1010 2193 1081 2257 τοῖς
1108 2199 1161 2265 ση-

150 2289 255 2370 μείοις
277 2299 347 2363 τοῖς
366 2294 408 2369 A,
423 2294 467 2370 A,
483 2289 515 2351 Γ
533 2290 663 2368 γωνίαι·
687 2286 885 2371 ἡμικυκλίου
909 2287 972 2372 γάρ
997 2290 1093 2354 εἰσιν.
1128 2289 1163 2353 αί

151 2395 215 2479 ὄρα
243 2395 336 2471 ὄψεις
366 2393 594 2477 ἀνακλώμεναι
622 2391 667 2458 δι’
693 2391 821 2458 ἑαυτῶν
850 2393 1161 2478 ἀνακλασθήσονται

100 2513 134 2561 20
153 2503 191 2565 αἱ
216 2505 291 2584 BA,
315 2503 392 2584 ΒΓ,
415 2504 491 2564 BA·
525 2509 623 2564 τοῦτο
651 2501 714 2585 γὰρ
742 2498 914 2564 δέδεικται.
970 2501 1054 2567 ὥστε
1083 2519 1160 2586 συμ-

150 2615 329 2672 πεσοῦνται
352 2608 493 2672 κατὰτὸ
517 2611 555 2671 Β.

217 2716 300 2778 ἔστω
319 2715 419 2778 πάλιν
433 2719 546 2779 κοῖλον
561 2717 722 2798 ἔνοπτρον
736 2715 772 2777 τὸ
786 2716 898 2796 ΑΓΒ,
917 2715 1005 2797 ὄμμα
1020 2712 1058 2779 δὲ
1072 2717 1110 2780 τὸ
1125 2719 1159 2797 Β,

223 2984 247 3031 1.
268 2981 297 3030 Η
303 2977 339 3047 Ζ]
362 2980 382 3028 Ζ
400 2976 437 3030 Μ.
515 2983 538 3031 2.
558 2977 625 3030 Post
644 2974 761 3044 ἑκάτερα
785 2975 850 3030 add.
870 2974 995 3030 κατὰτὰ
1016 2980 1050 3046 Θ,
1066 2983 1094 3032 Κ
1114 2995 1157 3047 οη-

152 3057 215 3116 μεῖα
233 3045 283 3101 καί
300 3066 336 3116 m,
355 3066 390 3102 m.
405 3065 459 3102 rec.
475 3048 507 3102 V.
566 3048 635 3101 Post
654 3046 697 3116 ίση
717 3064 771 3102 ras.
793 3053 807 3099 1
826 3046 882 3101 litt.
901 3046 934 3102 V.
995 3053 1071 3102 Κ-
1087 3054 1110 3103 3.
1126 3049 1157 3119 Λ]

151 3117 202 3186 μὲν
221 3119 276 3173 ὑπὸ
296 3123 377 3174 ΒΖΘ
400 3116 488 3189 γωνία
508 3122 570 3188 (om.
587 3119 620 3188 V)
643 3127 676 3190 τῇ
699 3118 754 3172 ὑπὸ
774 3122 872 3186 ΔΖΚ,
900 3118 918 3186 ἡ
942 3115 973 3171 δὲ
997 3120 1054 3174 ὑπὸ
1074 3122 1157 3174 ΒΗΘ

149 3199 183 3260 τῇ
202 3191 256 3244 ὑπὸ
277 3193 367 3244 ΒΗΚ
383 3208 424 3259 m,
447 3209 483 3245 m.
503 3207 556 3244 rec.
576 3190 609 3244 V.
700 3195 724 3244 3.
745 3187 787 3258 εἴη
814 3221 840 3230 -
862 3194 885 3244 7.
905 3186 990 3313 ἐστίιέ
1011 3188 1112 3259 μείζων
1130 3187 1157 3245 δὲ

150 3261 168 3329 ι]
186 3262 242 3315 ὑπὸ
258 3264 339 3316 ΒΖΘ
358 3260 445 3331 γωνία
463 3271 512 3331 τῆς
530 3261 585 3316 ὑπὸ
600 3259 801 3329 (ΒΖΘ-ὑπό
815 3262 915 3330 postea
929 3259 966 3313 ad
989 3265 1049 3332 .m)
1065 3264 1157 3327 ΒΗΘ,

152 3331 193 3402 είη
213 3330 249 3387 ὄιν
268 3333 316 3388 καὶ
336 3333 352 3402 ἡ
371 3333 425 3388 ὑπὸ
445 3340 470 3387 Δ
478 3338 532 3386 ΖΚ
553 3330 652 3401 μείζων
674 3340 723 3400 τῆς
741 3331 796 3385 ὑπὸ
816 3336 908 3385 ΕΗΚ
927 3349 969 3401 m,
997 3350 1034 3388 m.
1054 3349 1110 3387 rec.
1128 3333 1156 3386 V.

186 3410 210 3457 4.
231 3404 305 3458 ἐστιν
323 3421 348 3458 v.
422 3411 446 3459 ὀ.
466 3407 559 3472 μεῖζον
577 3423 602 3472 v,
623 3421 690 3458 corr.
710 3422 746 3457 m.
767 3409 791 3457 2.
847 3399 920 3457 ἐστίν
939 3402 995 3458 Vv.
1059 3410 1084 3459 6.
1104 3401 1156 3474 μεί-

151 3476 219 3538 ζονα
236 3493 262 3543 v,
282 3491 350 3530 corr.
369 3492 405 3528 m.
426 3481 449 3530 2.
523 3480 547 3530 8.
570 3477 632 3547 ZA]
651 3479 705 3529 ΔΖ
723 3493 759 3527 m.
839 3480 862 3529 9.
882 3474 921 3545 ε’]
940 3474 970 3544 η’
985 3474 1043 3530 Vv.
1119 3481 1155 3529 10.

150 3545 182 3599 τὸ
200 3543 328 3616 κέντρον]
351 3554 400 3599 τοῦ
420 3544 535 3614 κέντρου
559 3565 599 3616 m,
627 3565 663 3601 m.
683 3562 736 3600 τοο.
755 3545 789 3599 V.
882 3551 922 3600 11.
946 3547 1014 3618 θῇς]
1038 3551 1103 3609 θεῖς
1127 3545 1155 3613 V,
