2424 3944
131 158 195 224 170
336 162 547 217 οεειοοεον
564 161 742 214 mommo
761 161 929 215 οεεοκιε.

609 319 665 406 ιβ’.

200 435 274 496 Τῶν
292 433 339 508 εἰς
356 432 590 516 τοῦμπροσθεν
608 439 711 514 μῆκος
729 428 873 514 ἐχόντων
891 430 932 494 τά
945 427 1007 514 μὲν
1021 429 1060 495 έν
1073 442 1143 508 τοῖς

128 536 247 616 δεξιοῖς
270 540 318 614 εἰς
339 539 379 602 τὰ
402 537 559 624 ἀριστερὰ
582 537 675 601 δοκεῖ
689 542 871 623 παρῆχθαι,
895 537 936 601 τά
954 534 991 602 ἀὲ
1014 537 1052 604 ἐν
1072 549 1142 616 τοῖς

130 644 315 733 ἀριστεροῖς
337 646 385 720 εἰς
406 646 447 709 τά
471 643 569 722 ἀεξιά.

95 770 111 819 5
197 755 278 817 ἔστω
295 751 359 839 γάρ
379 752 530 839 ὁρώμενα
549 752 588 816 τά
606 754 679 834 ΒΓ,
693 755 727 815 Δ
733 755 771 835 Ζ,
819 724 853 780 Β

129 861 216 944 ὄμμα
240 854 276 922 ἀὲ
299 859 336 923 τὸ
360 862 401 941 Κ,
428 856 487 943 ἀφ’
509 854 550 923 οὗ
573 855 771 942 προσπιπτέ-

129 981 239 1031 τωσαν
257 967 349 1042 ὄψεις
368 966 405 1028 αό
421 967 497 1048 ΚΓ,
511 967 586 1048 ΚΑ,
603 967 679 1048 ΚΒ,
694 968 770 1049 ΚΖ,
815 974 848 1028 A
1099 957 1132 1004 H

1115 715 1138 778 Δ

129 1074 210 1153 ΚΗ,
229 1073 307 1135 ΚΛ.
344 1069 469 1134 οὐκοῦν
486 1072 524 1135 τὸ
542 1074 575 1133 Δ
597 1076 768 1157 παρῆχθαι

128 1177 221 1242 δοκεῖ
246 1177 293 1252 εἰς
315 1177 355 1240 τά
378 1175 534 1264 ἀριστερά
556 1177 638 1263 ἥπερ
661 1177 699 1241 τὸ
722 1181 767 1241 Η.
819 1205 851 1250 17
1088 1169 1111 1220 Ζ

75 1303 109 1352 10
128 1285 248 1368 ὁμοίως
276 1280 312 1348 ἀὲ
335 1280 390 1347 καὶ
418 1283 454 1348 τὸ
478 1287 507 1347 Β
535 1284 582 1358 εἰς
609 1283 649 1346 τά
677 1281 767 1360 ἀεξιά

127 1392 220 1456 δοκεῖ
239 1397 410 1478 παρῆχθαι
432 1391 515 1477 ἥπερ
538 1389 575 1454 τὸ
596 1394 637 1453 Α.
684 1390 767 1454 ὥστε
960 1386 998 1444 K

126 1509 194 1563 τῶν
221 1499 268 1574 εἰς
294 1498 528 1583 τοῦμπροσθεν
550 1506 652 1581 μῆκος
675 1495 767 1581 ἐχόν-

125 1628 193 1670 των
223 1605 264 1668 τά
295 1600 356 1687 μὲν
388 1602 425 1668 έν
456 1615 525 1681 τοῖς
558 1601 677 1681 δεξιοῖς
708 1604 756 1679 εἰς
786 1601 827 1667 τά
858 1600 1015 1687 ἀριστερά
1048 1601 1136 1666 δοκεῖ

125 1718 310 1797 παρῆχθαι,
333 1712 373 1776 τά
396 1707 433 1775 ἀὲ
456 1710 493 1775 έν
515 1721 585 1787 τοῖς
608 1709 792 1797 ἀριστεροῖς
814 1711 861 1785 εἰς
883 1709 925 1772 τά
948 1707 1048 1786 ἀεξιά.

74 1906 108 1955 15
607 1886 664 1970 ιγ’.

196 1999 270 2061 Τῶν
307 2001 389 2060 ἴσων
420 2001 573 2079 μεγεθῶν
604 1994 669 2059 ὑπὸ
702 1995 739 2060 τὸ
772 1995 860 2078 όμμα
896 1991 1057 2078 κειμένων
1096 1993 1132 2058 ιά

124 2104 237 2188 πόρρω
260 2104 393 2185 κείμενα
416 2104 638 2188 μετεωρότεροι
661 2104 825 2185 φαίνεται.

192 2211 273 2272 ἔστω
302 2208 365 2295 γάρ
395 2213 449 2272 ῖσα
476 2206 600 2291 μεγέθη
630 2208 671 2271 τά
699 2210 776 2291 ΒΓ,
799 2211 880 2289 ΔΖ,
904 2209 974 2270 ΚΛ
1007 2207 1073 2272 ὑπὸ
1104 2206 1137 2271 τὸ

126 2316 213 2398 όμμα
240 2315 277 2379 τὸ
301 2319 341 2379 Ν
362 2317 509 2398 κείμενα,
541 2311 597 2378 καὶ
624 2312 687 2379 ἀπὸ
715 2322 776 2378 τοῦ
803 2318 843 2378 Ν
867 2315 1012 2398 ὄμματος
1038 2329 1136 2401 προσ-

73 2437 108 2487 20
126 2420 333 2486 πιπτέτωσαν
352 2420 481 2498 ἀκτῖνες
499 2421 536 2485 αἱ
547 2425 627 2504 ΒΝ,
641 2425 719 2504 ΝΛ,
733 2425 773 2486 Ν
773 2423 813 2485 Κ.
842 2420 967 2485 οὐκοῦν
980 2443 1136 2506 μετεωρο-

126 2529 206 2612 τάτη
226 2526 317 2594 ἐστὶν
336 2526 355 2612 ἡ
374 2533 443 2593 ΝΒ
467 2538 533 2592 τῶν
552 2532 678 2592 λοιπῶν
696 2526 854 2592 ἀκτίνων·
878 2525 1035 2592 ὥστεκαὶ
1054 2529 1092 2593 τὸ
1111 2530 1136 2592 Β

126 2647 271 2719 σημεῖον.
316 2636 353 2701 τὸ
377 2637 442 2722 ἀρα
465 2639 494 2699 Β
501 2638 534 2699 Γ
551 2643 611 2700 τοῦ
629 2639 662 2698 Δ
669 2639 696 2698 Ζ
718 2636 959 2721 μετεωρότερον
978 2637 1138 2718 φαίνεται,

125 2743 163 2807 τὸ
187 2740 224 2807 δέ
246 2749 279 2807 Δ
285 2747 312 2806 Ζ
340 2751 400 2807 τοῦ
423 2745 500 2806 ΚΛ.
551 2753 618 2806 τῶν
645 2742 709 2828 ἀρα
733 2748 815 2806 ῖσων
838 2746 991 2826 μεγεθῶν
1013 2741 1080 2807 ὑπὸ
1104 2741 1138 2805 τὸ

126 2851 214 2934 όμμα
231 2848 392 2934 κειμένων
406 2849 446 2913 τά
460 2850 574 2936 πόρρω
593 2851 726 2932 κείμενα
739 2849 961 2934 μετεωρότερα
975 2851 1138 2932 φαίνεται.

72 3039 107 3089 25
605 3022 661 3090 ιδ’.

199 3137 273 3199 Τῶν
297 3139 379 3198 ῖσων
401 3139 554 3217 μεγεθῶν
576 3134 645 3197 ἀνω
669 3140 729 3197 τοῦ
750 3133 895 3216 όμματος
916 3130 1078 3216 κειμένων
1100 3133 1138 3198 τά

125 3242 239 3327 πόρρω
263 3244 395 3325 κείμενα
418 3242 632 3327 ταπεινότερα
654 3243 817 3324 φαίνεται.

126 3348 340 3357 ..-.--

198 3386 222 3435 3.
242 3378 337 3451 affl*
353 3398 380 3451 p.
469 3385 491 3434 7.
511 3379 554 3451 αἱ]
572 3376 641 3450 λέγω
661 3377 704 3433 ότι
722 3378 796 3433 τάν.
883 3383 908 3433 8.
928 3380 1005 3452 ΚΗ]
1025 3383 1091 3436 ΚΝ
1104 3380 1135 3435 V.

161 3454 186 3505 9.
206 3450 249 3522 Η]
269 3454 303 3504 Ν
316 3451 349 3507 V.
433 3456 473 3506 12.
493 3452 672 3520 τοῦμπροσθε
690 3450 724 3504 V.
798 3448 924 3520 ἐχόντων
942 3468 974 3519 v,
1000 3451 1050 3506 sed
1069 3469 1135 3507 corr.

72 3519 327 3716 whole
345 3554 379 3564 -
399 3528 439 3576 14.
459 3523 528 3594 τοῖς]
549 3540 602 3578 om.
621 3540 647 3576 v.
721 3525 762 3576 18.
782 3521 849 3592 ΚΛ]
869 3538 922 3576 om.
943 3539 968 3577 V.
