2424 3944
310 142 520 195 ormooaun
538 141 716 195 necarem
734 143 900 196 ruamus
1045 141 1111 207 215

98 289 135 349 et
154 288 301 349 sumatur
319 289 358 349 N
361 289 389 349 0
404 316 444 337 =
460 289 492 348 E
497 289 533 370 Z,
556 285 740 370 circumque
759 290 840 351 AM
855 292 888 352 et
908 292 936 351 O
954 291 1111 372 punctum

98 391 305 456 describatur
320 396 523 476 segmentum
535 396 566 455 Α
573 397 653 456 OM.
676 392 786 477 itaque
801 398 864 469 LA
871 398 944 459 OM
950 424 990 445 =
1003 397 1109 457 ΘΕΗ.

96 501 268 582 praeterea
308 502 450 582 ponatur
491 505 512 574 L
536 502 612 564 AN
616 504 654 563 Π
670 530 711 551 =
731 505 850 585 ΑΖΕ,
891 503 923 563 et
963 503 1111 563 sumatur

97 608 180 669 NH
191 636 231 656 =
246 609 323 690 ΕΖ,
346 605 530 688 circumque
545 609 625 669 AM
639 609 672 669 et
689 610 727 669 Π
746 605 947 670 describatur
966 625 1110 690 segmen-

97 716 169 774 tum
190 711 302 776 circuli
321 716 444 776 ΑΠΜ.
477 711 539 775 erit
556 711 660 797 igitur
678 717 699 786 L
714 715 886 775 AHM=
901 714 1010 775 ΑΕΒ.
1042 711 1109 775 iam

98 817 254 899 quoniam
291 818 454 894 LE<O
491 822 524 882 et
560 824 581 893 L
602 822 686 882 0=
704 821 820 902 ΘΕΗ,
856 823 877 892 L
897 816 927 890 Ξ
947 849 983 870 =
1001 821 1109 903 ΓΕΔ,

99 922 208 988 minor
244 925 412 1009 adparebit
446 926 506 988 ΓΔ
543 945 639 1007 quam
670 929 710 988 H
713 929 748 988 Θ.
807 946 919 987 rursus
957 925 1109 1008 quoniam

98 1036 121 1104 L
140 1019 203 1095 ΘΕ
209 1035 245 1094 Η
256 1042 290 1105 <
303 1035 417 1116 ΑΕΒ,
440 1031 547 1094 minor
569 1031 738 1114 adparebit
761 1036 800 1095 Η
805 1035 833 1095 Θ
856 1053 952 1116 quam
976 1036 1049 1096 ΑΒ.

578 1244 630 1308 37.

165 1350 270 1415 Rotae
303 1373 454 1415 curruum
486 1350 582 1414 modo
616 1349 786 1414 circulares
820 1349 915 1412 modo
948 1349 1107 1435 oblongae

96 1457 308 1542 adparebunt.

166 1563 209 1627 sit
231 1563 318 1628 enim
340 1567 427 1649 rota,
455 1564 546 1628 euius
572 1561 720 1627 diametri
744 1561 810 1626 sint
832 1566 914 1646 ΔΖ,
932 1564 1002 1626 ΒΓ.
1048 1561 1109 1625 ita·

96 1692 160 1754 que
183 1670 240 1734 ubi
264 1675 351 1735 recta
375 1671 415 1734 ab
440 1669 533 1734 oculo
557 1669 598 1734 ad
621 1672 768 1732 centrum
791 1667 888 1731 dueta
912 1667 952 1730 ad
974 1667 1108 1751 planum

573 1773 847 1858 perpendicularis
870 1776 920 1837 est
942 1773 995 1836 uel
1017 1774 1107 1839 radio

575 1880 735 1966 aequalis,
772 1879 921 1944 diametri
957 1881 1107 1964 aequales

575 1988 789 2072 adparebunt‚
824 1991 862 2050 ut
893 1987 928 2051 in
962 1989 1108 2073 proposi-

575 2095 663 2159 tione
699 2094 904 2179 praecedenti
912 2091 936 2180 ¹)
979 2096 1108 2160 demon-

575 2204 715 2265 stratum
730 2204 787 2264 est.
821 2222 919 2283 quare
939 2222 1013 2265 cum
1026 2202 1106 2267 haec

573 2307 621 2371 ita
644 2311 734 2391 sunt,
766 2311 839 2371 rota
867 2330 979 2373 currus
1006 2309 1106 2374 circu·

573 2414 651 2478 laris
697 2412 834 2477 uidetur.
908 2414 964 2478 sed
1010 2436 1105 2480 curru

573 2524 795 2604 praeteruecto
829 2519 886 2583 ubi
918 2521 1027 2584 radius
1064 2522 1104 2585 ab

574 2626 667 2690 oculo
687 2627 728 2690 ad
746 2631 893 2690 centrum
914 2626 1030 2690 cadens
1052 2650 1106 2692 ne-

573 2753 634 2815 que
666 2732 732 2796 iam
768 2732 808 2795 ad
843 2733 977 2816 planum
1013 2739 1103 2798 rotae

91 2836 367 2921 perpendicularis
391 2843 441 2902 est
463 2861 567 2922 neque
586 2839 676 2903 radio
696 2839 765 2904 eius
782 2839 935 2922 aequalis,
954 2839 1104 2904 diametri

91 2943 280 3027 inaequales
313 2944 515 3028 adparebunt
548 2967 659 3010 rursus
687 2949 820 3029 propter
846 2946 1104 3030 propositionem

90 3054 169 3114 ante
202 3051 459 3115 demonstratam
491 3052 595 3137 [prop.
621 3051 687 3136 36].
747 3071 823 3135 ergo
856 3055 929 3116 rota
962 3052 1104 3139 oblonga

92 3156 273 3242 adparebit.

166 3423 191 3490 1)
210 3421 243 3475 Η.
255 3437 277 3474 e.
292 3437 343 3489 per
355 3437 452 3490 propp.
464 3425 578 3476 34-35.
602 3420 700 3489 itaque
715 3421 834 3475 fortasse
848 3437 945 3490 propp.
962 3426 1004 3492 34,
1015 3426 1057 3492 35,
1069 3429 1102 3477 36

88 3492 122 3546 in
140 3508 227 3546 unam
246 3491 457 3562 coniungendae
476 3494 564 3546 erant.
