2424 3944
118 162 184 225 252
546 163 702 214 SCHOLIA

120 303 157 369 δὲ
184 306 395 391 πορρώτερον
423 308 601 389 γενόμενον
632 307 756 388 μείζονι
786 301 908 368 ἑαυτοῦ
936 305 1129 388 διαστήματι

120 422 188 475 τῶν
215 414 324 489 ὄψεων
348 411 481 496 έντύχη,
513 411 577 493 ἤδη
605 412 763 494 μηδαμῶς
791 410 895 474 αὐτοῦ
927 421 997 475 τῶν
1025 412 1129 488 ὄψεων

121 517 357 602 ἐφαπτομένων
385 519 441 582 διὰ
468 519 505 581 τὸ
529 515 840 603 παρεμπεπτωκέναι
866 525 913 604 τῷ
937 516 1130 600 διαστήματι

121 625 233 689 αὐτῶν
257 625 318 708 οὐχ
341 624 466 709 ὁρᾶται.

85 815 101 862 5
491 800 542 865 Ad
566 801 778 864 definissioneS.

187 928 218 989 4.
256 926 302 988 Τὰ
325 925 390 990 ὑπὸ
413 929 561 1009 μείζονος
584 928 707 1006 γωνίας
729 924 880 1008 ὁρώμενα
903 926 1039 1007 μείζονα
1061 924 1131 1006 φαί·

120 1055 212 1095 νεται
231 1032 291 1114 οὐχ
311 1029 447 1115 ἑαυτῶν,
471 1031 554 1096 ἀλλὰ
577 1034 708 1115 μείζονα
732 1032 897 1113 δηλονότι,
920 1028 941 1111 ἢ
963 1031 995 1094 εί
1012 1027 1131 1115 ἑωρᾶτο

120 1138 186 1201 ὑπὸ
214 1135 320 1214 ὀξείας
347 1141 483 1219 γωνιάς·
516 1129 589 1203 οἷον
617 1138 661 1213 ὡς
689 1136 725 1202 ἐν
747 1137 966 1220 ὑποδείγματι
990 1139 1132 1201 ἔστωσαν

121 1245 184 1308 δύο
208 1247 353 1328 τρίγωνα
377 1250 432 1308 ίσα
459 1246 499 1308 τὰ
522 1248 591 1309 ΒΓ
585 1250 632 1327 A,
656 1246 920 1327 ΒΚΛ,·μείζων
948 1239 987 1306 δὲ
1010 1245 1093 1307 ἔστω
1114 1239 1131 1322 ἡ

70 1362 103 1410 10
122 1359 182 1414 τοῦ
206 1354 274 1415 ΒΓ
269 1356 302 1414 Λ
325 1352 490 1435 τριγώνου
516 1351 598 1434 πρὸς
621 1360 666 1437 τῷ
691 1354 720 1413 Β
743 1352 862 1432 γωνία,
889 1346 969 1433 παρ’
991 1347 1009 1413 ὃ
1033 1348 1054 1431 ἡ
1078 1356 1131 1412 τοῦ

123 1460 225 1520 ΒΚΛ
247 1458 330 1540 πρὸς
352 1467 397 1545 τῷ
421 1457 510 1544 αὐτῷ
535 1460 666 1543 σημείῳ.
704 1455 799 1539 λέγω,
822 1455 873 1519 ὅτι
891 1456 929 1518 τὸ
948 1458 1018 1519 ΒΓ
1013 1460 1048 1518 Δ
1070 1456 1131 1537 τρί-

122 1588 233 1645 γωνον
251 1564 315 1627 ὑπὸ
334 1567 482 1647 μείζονος
500 1567 623 1645 γωνίας
641 1563 821 1648 ὁρώμενον,
840 1559 918 1645 παρ’
936 1559 954 1624 ὃ
974 1562 1012 1626 τὸ
1028 1565 1064 1625 Κ
1067 1563 1130 1641 ΒΛ,

122 1674 233 1755 μεῖζον
256 1674 409 1753 φαίνεται
432 1679 492 1733 τοῦ
515 1673 614 1733 ΚΒΑ
640 1671 696 1734 διὰ
718 1671 756 1733 τὸ
779 1670 840 1751 την
862 1668 928 1732 ὑπὸ
954 1671 1052 1732 ΓΒΔ
1075 1691 1129 1749 γω-

123 1781 200 1842 νίαν
229 1771 313 1840 εἶναι
341 1779 472 1860 μείζονα
500 1785 557 1858 τῆς
583 1776 648 1840 ὑπὸ
672 1779 779 1839 ΚΒΑ.
825 1773 846 1856 ἢ
869 1776 906 1838 τὸ
930 1776 1064 1858 μείζονα
1087 1771 1129 1836 έν-

71 1893 105 1941 15
123 1890 234 1947 ταῦθα
262 1884 299 1946 τὸ
324 1884 537 1967 συγκριτικὸν
563 1880 637 1946 ἀντὶ
660 1881 767 1947 ἁπλοῦ
790 1892 894 1946 κεῖται
922 1881 968 1956 ὡς
991 1875 1129 1944 εἶναιτὸ

123 1993 255 2073 μείζονα
278 1991 460 2072 φαίνεσθαι
484 1987 558 2053 ἀντὶ
581 1997 641 2053 τοῦ
662 1988 787 2072 μεγάλα
810 1990 1005 2072 φαίνεσθαι,
1029 1988 1128 2068 ὥσπερ

123 2097 160 2159 τὸ
193 2095 346 2160 ἐναντίον
382 2096 423 2158 τὰ
454 2096 519 2159 ὑπὸ
553 2094 731 2171 ἐλάσσονος
766 2098 889 2176 γωνίας
920 2094 1129 2178 θεωρούμενα

124 2202 225 2285 μικρὰ
248 2205 401 2284 φαίνεται
425 2199 542 2264 καὶτὰ
565 2202 630 2266 ὑπὸ
655 2207 727 2284 ίσης
751 2207 815 2265 ίσα.

191 2327 219 2389 5.
266 2328 465 2411 Μετεώρονς
506 2323 566 2409 μέν
603 2325 714 2402 ἁπλῶς

71 2445 105 2492 20
125 2431 259 2509 ἀκτῖνας
277 2434 335 2509 τὰς
352 2433 479 2519 μακρὰς
495 2432 645 2518 ὀνομάζει
659 2430 714 2497 καί

124 2539 263 2622 ὑψηλάς,
282 2538 521 2626 μετεωροτέρας
535 2536 571 2603 δὲ
585 2541 713 2604 τούτων
753 2589 788 2644 B

125 2646 236 2711 αὐτῶν
257 2647 357 2712 πάλιν
380 2649 437 2722 τὰς
455 2644 658 2731 μακροτέρας
680 2669 714 2709 τε

124 2750 179 2816 καὶ
193 2752 411 2839 ὑψηλοτέρας·
433 2745 506 2817 οἷον
521 2753 565 2828 ὡς
584 2751 619 2817 έν
633 2752 714 2816 ὑπο-

125 2860 275 2942 δείγματι
307 2862 454 2923 έοτωσαν
485 2862 561 2943 τρία
590 2858 714 2942 μεγέθη
989 2874 999 2994 Ι

72 2978 106 3026 25
126 2965 277 3047 ἀλλήλων
308 2964 470 3049 ἀπέχοντα
503 2966 618 3029 ἱκανὸν
644 2965 715 3029 διοί-
788 2969 823 3020 Γ
879 2971 915 3026 ’Ζ
991 2971 1020 3028 Α

126 3089 232 3155 στημα
268 3073 308 3135 τὰ
341 3076 417 3155 ΒΓ,
445 3076 525 3155 ΛΖ,
554 3075 636 3155 ΚΛ,
673 3069 728 3135 καὶ
759 3069 1056 3158 προσπιπτέτωσαν
1086 3066 1128 3134 ἐπ’

197 3235 221 3283 4.
240 3229 278 3284 V’
298 3229 345 3298 (ad
364 3229 417 3282 def.
438 3232 473 3298 4).
547 3234 570 3283 5.
591 3229 628 3282 V²
648 3229 695 3298 (ad
713 3229 767 3282 def.
789 3231 823 3298 ὃ).

958 2590 1001 2867 ἶ

198 3379 221 3425 1.
245 3372 314 3424 Post
332 3370 484 3440 γενόμενον
504 3370 558 3423 del.
645 3380 700 3426 τῶν
720 3370 908 3439 διαστήματος
927 3371 1079 3441 γενόμενον
1096 3367 1128 3420 v¹.

162 3449 186 3498 6.
211 3442 321 3513 οχόλιον
339 3443 385 3498 V2.
479 3448 501 3496 7.
526 3441 667 3512 δηλονότι]
691 3459 775 3511 supra
795 3459 846 3496 ser.
865 3461 902 3496 m.
924 3448 938 3495 1
958 3442 1006 3496 V’.
1093 3444 1126 3493 15.

126 3513 302 3584 σογγριτινόν
321 3514 368 3566 Ψ.
