2424 3944
208 204 247 254 JN
266 202 476 254 OPTIOORUM
494 202 749 254 εεοεαειοαοα
767 203 933 256 Τευεοοιε.
1007 200 1069 262 271

130 346 183 411 51.
216 342 283 410 Καὶ
311 343 363 410 ἐπὶ
391 346 511 410 τούτου
538 343 593 409 καὶ
620 354 680 409 τοῦ
708 347 787 429 μετὰ
810 353 908 410 τοῦτο
932 342 1070 429 ὄμοίαὴ

60 450 164 530 δεῖξις
185 454 273 536 πλὴν
297 450 348 517 ἐπὶ
368 454 487 516 κώνου.

410 647 463 712 Ad
484 669 575 732 prop.
599 645 730 711 XXXII.

129 754 180 818 52.
219 758 270 842 Τῷ
293 752 562 842 προϋποκειμένῳ
587 753 727 841 ἐπιπέδῳ
751 776 782 837 p.
805 752 952 839 194,19]
976 775 1071 816 τουτ-

60 858 132 925 έστι
155 869 194 946 τῇ
218 861 311 945 βάσει
337 870 397 926 τοῦ
420 862 539 926 κώνου.
1107 875 1123 923 ο

129 985 181 1050 53.
217 984 350 1049 Οὐκοῦν
369 995 581 1068 συμπεσεῖται
603 1007 633 1068 Ρ.
653 985 726 1068 196,
745 983 780 1068 2]
805 982 917 1067 ἐπειδὴ
935 984 1017 1047 κατὰ
1034 984 1070 1048 τὸ

61 1090 145 1155 αὐτὸ
169 1093 271 1177 ὄκρον
295 1093 363 1155 ὄνοι
387 1086 447 1174 μὲν
469 1092 552 1154 κατὰ
574 1092 611 1155 τὸ
634 1094 678 1174 Β,
704 1089 792 1154 κάτω
816 1087 853 1153 δὲ
875 1091 957 1154 κατὰ
979 1091 1016 1155 τὸ
1040 1093 1075 1154 Κ

60 1196 295 1262 συνάπτονται.

395 1321 447 1386 Ad
470 1343 560 1406 prop.
584 1319 735 1385 XXXIII.

130 1447 182 1511 54.
205 1445 369 1511 ’Έλασσον
392 1449 545 1530 φαίνεται
568 1469 598 1530 Ρ.
621 1446 697 1525 196,
720 1442 776 1531 22]
805 1469 855 1530 γρ.
878 1447 988 1528 μεῖζον
1011 1441 1071 1528 μὲν
1091 1460 1124 1508 10

61 1557 154 1618 ἔσται
182 1562 241 1618 τοῦ
265 1555 375 1618 κώνου
403 1555 440 1618 τὸ
464 1551 647 1639 ὁρώμενον,
680 1555 815 1616 ἔλαττον
844 1547 880 1615 δὲ
908 1553 1070 1635 φαίνεται,
1178 1603 1180 1608 ,

61 1658 296 1745 ταπεινοτέρου
324 1656 360 1724 δὲ
388 1663 527 1724 ἔλασσον
553 1655 614 1743 μὲν
641 1661 746 1740 ἔσται,
779 1655 865 1735 δόξει
898 1655 934 1721 δὲ
962 1660 1071 1740 μεῖζον

61 1770 254 1852 φαίνεσθαι.

130 1890 182 1955 55.
219 1888 396 1954 Τουτέστιν
423 1891 480 1954 ἵνα
507 1889 562 1954 ἐπί
586 1912 676 1966 τινος
703 1889 837 1964 εὐθείας
864 1889 900 1953 τὸ
925 1885 1012 1971 ὄμμα
1038 1881 1070 1972 ᾗ,

60 1999 134 2081 ἥτις
155 1997 364 2083 παράλληλός
386 1996 455 2061 ἐστι
478 2005 517 2082 τῇ
541 1995 604 2061 ἀπὸ
627 2005 685 2080 τῆς
706 2005 857 2082 κορυφῆς
879 2002 939 2058 τοῦ
959 1994 1069 2058 κώνου
1090 2006 1122 2056 15

60 2105 145 2190 πρὸς
167 2104 228 2186 τὴν
249 2101 462 2188 περιφέρειαν
485 2103 588 2167 αὐτοῦ
611 2101 754 2188 ἄγομένῃ
778 2102 901 2190 εὐθείᾳ.

130 2228 182 2292 56.
208 2226 301 2292 Ἴσον
330 2225 367 2292 δὲ
395 2228 431 2292 τὸ
459 2224 519 2311 μὲν
541 2229 624 2313 πρὸς
650 2237 695 2317 τῷ
718 2233 758 2293 Ν
783 2232 851 2292 κτλ.
878 2251 907 2310 p.
936 2228 1011 2310 198,
1035 2225 1068 2310 9]

62 2333 122 2399 ἐὰν
149 2334 227 2420 γάρ,
259 2334 373 2410 καθὼς
400 2340 527 2419 εἴρηται
554 2333 590 2399 ἐν
617 2344 662 2423 τῷ
690 2333 744 2399 λα’
768 2335 974 2419 θεωρήματι,
1006 2332 1070 2398 ἀπὸ

61 2448 122 2505 τοῦ
149 2444 188 2504 Ν
217 2438 361 2524 ὄμματος
386 2439 618 2525 προσπέσωσιν
650 2439 778 2516 ἀκτῖνες
808 2441 892 2524 πρὸς
923 2440 983 2522 τὴν
1010 2447 1070 2502 τοῦ

61 2547 173 2612 κώνου
191 2545 403 2632 περιφέρειαν
422 2545 467 2622 ὡς
485 2549 522 2610 αι’
537 2551 576 2611 Ν
582 2550 617 2629 Τ,
630 2551 669 2610 Ν
673 2552 715 2628 Φ,
737 2544 793 2610 καὶ
815 2545 878 2610 ἀπὸ
897 2557 964 2609 τῶν
987 2548 1022 2627 Τ,
1040 2549 1070 2607 Φ
1090 2557 1123 2606 20

64 2651 118 2717 ἐπὶ
145 2653 206 2736 τὴν
229 2654 382 2736 κορυφὴν
409 2653 470 2736 τὴν
492 2657 525 2716 Δ
554 2650 790 2734 ἐπιζευχθῶσιν
813 2651 941 2715 εὐθεῖαι
969 2651 1014 2727 ὡς
1037 2652 1073 2714 αἱ

67 2763 142 2841 ΤΛ,
164 2763 243 2841 ΦΔ,
270 2760 307 2823 τὸ
334 2759 390 2822 διὰ
413 2768 480 2823 τῶν
502 2761 586 2840 ΝΤ,
610 2761 667 2822 ΤΔ
695 2756 849 2822 ἐπίπεδον
875 2755 990 2822 καὶτὸ
1014 2758 1070 2820 διὰ

62 2876 131 2930 τῶν
153 2869 191 2929 Ν
195 2869 236 2947 Φ,
258 2869 323 2929 ΦΔ
345 2867 461 2949 κοινὴν
480 2866 584 2949 τομὴν
607 2861 669 2940 ἕξει
692 2864 753 2946 τὴν
771 2869 854 2947 ΔΝ,
878 2863 930 2948 ἐφ’
951 2859 990 2947 ἧς
1013 2862 1071 2928 ἐὰν

62 2978 145 3057 τεθῇ
168 2972 205 3036 τὸ
229 2969 317 3055 ὄμμα
340 2972 385 3048 ὡς
406 2972 489 3036 κατὰ
512 2973 549 3036 τὸ
572 2975 611 3035 Ν
629 2966 684 3034 καὶ
707 2970 743 3033 τὸ
770 2973 812 3053 Θ,
841 2976 915 3035 ἴσον
938 2968 988 3034 ἀεὶ
1010 2978 1070 3034 τοῦ

134 3164 241 3218 51.V1.
328 3163 547 3218 52.VRVat.u.
635 3167 676 3217 53.
700 3162 947 3229 VRVatM1qtu.
1028 3156 1069 3215 51.

61 3235 252 3291 vat.RM¹st.
308 3234 632 3304 55.VR(Vat.qrstu).
688 3233 1069 3304 56.VR(Vat.MAqrstu).

135 3419 176 3467 12.
195 3413 400 3481 ταπεινὼτερον
419 3412 511 3468 Vane,
602 3407 634 3465 δέ
648 3412 721 3482 (pr.)]
745 3428 798 3465 om.
818 3410 882 3465 vat.
974 3415 1016 3465 14.
1035 3402 1070 3481 ᾗ]

63 3499 116 3539 om.
131 3484 164 3538 V.
224 3489 267 3538 15.
287 3481 471 3554 παράλληλός]
490 3483 559 3553 :R,
579 3482 654 3551 ὀρθή
673 3501 694 3538 s,
759 3488 800 3537 16.
821 3478 931 3553 εὐθεία]
952 3480 1071 3537 om.Rt.

905 3536 912 3556 Ι

89 3561 140 3620 ,18.
161 3553 226 3626 γάρ]
246 3571 299 3609 om.
319 3555 374 3609 Mt.
446 3554 506 3626 λα’]
524 3554 558 3624 V,
581 3554 625 3624 Iy‘
640 3573 675 3609 m.
695 3569 748 3609 rec.
821 3557 863 3609 20.
882 3553 949 3624 τῶν]
968 3561 1018 3607 τοῦ
1037 3553 1070 3609 R.
