2424 3944
490 179 721 231 CATOPPRICA.
1043 176 1106 240 327

162 324 207 388 sit
229 327 301 389 ΑΓ
323 322 488 406 speculum
512 343 704 405 connexum,
733 322 845 386 oculus
873 328 983 386 autem
1005 327 1048 407 E,
1075 328 1108 388 et

92 431 176 496 radii
200 435 275 516 ΒΑ,
294 435 326 494 E
332 433 364 494 Γ
382 429 423 493 ad
442 435 485 513 Δ,
503 433 532 493 Β
554 427 695 512 refracti,
719 432 783 492 ΖΒ
804 432 912 492 antem
932 430 1108 495 secundum

484 557 518 600 se
545 535 653 618 ipsum
681 535 721 598 ad
748 540 780 599 E
804 535 1009 621 refringatur.
1060 558 1110 599 ra-

484 642 611 706 diorum
649 641 752 726 igitur
792 641 924 706 maximi
966 642 1108 727 longitu-

484 747 557 811 dine
594 750 685 831 sunt,
725 747 780 831 qui
816 749 956 813 maxime
989 748 1107 813 remoti

484 858 560 918 sunt
567 905 576 938 ,
612 853 738 918 minimi
775 858 884 918 autem
920 853 1034 938 medii,
1070 858 1107 916 ut

483 965 515 1024 E
522 964 558 1024 Z.
609 981 707 1043 quare
739 964 771 1023 E
806 960 937 1043 speculo
972 959 1107 1045 propius

484 1067 634 1152 adparet,
674 1065 893 1132 remotissima
931 1071 1039 1131 autem
1078 1072 1107 1132 Β

484 1178 518 1237 et
540 1179 582 1237 Δ.
620 1194 696 1257 ergo
719 1176 827 1238 totum
851 1196 1031 1239 connexum
1055 1175 1109 1239 ad-

223 1294 260 1346 Ε
390 1273 428 1329 Β
484 1285 583 1364 paret.

574 1511 626 1575 24.

161 1631 200 1696 In
228 1635 367 1718 speculis
396 1634 546 1699 concauis
575 1634 604 1698 si
630 1634 666 1696 in
694 1637 804 1698 centro
829 1633 941 1698 oculus
964 1634 1107 1720 ponitur,

250 1793 281 1841 p
485 1741 555 1826 ipse
580 1740 692 1805 oculus
716 1739 805 1803 solus
829 1739 971 1823 adparet.

100 1879 196 2007 A(
223 1867 258 1914 Ε
271 1867 294 1912 Ζ
409 1905 434 1965 Δ
549 1846 592 1911 sit
612 1851 644 1911 A
650 1849 710 1910 ΓΛ
733 1845 897 1931 speculum
917 1868 1105 1932 concauum,

95 1981 128 2087 s
486 1957 633 2018 centrum
661 1957 770 2017 autem
797 1952 865 2017 eius
890 1956 933 2038 Β,
962 1958 995 2018 ct
1022 1954 1105 2018 radii

200 2090 301 2219 W
486 2062 561 2144 BA,
585 2061 656 2143 ΒΓ,
679 2063 749 2123 ΒΔ.
797 2058 907 2142 itaque
930 2064 1103 2135 LE=Z.

486 2165 595 2230 radius
617 2165 721 2250 igitur
743 2168 812 2230 ΒΓ
829 2165 987 2231 refractus
1011 2167 1052 2231 ad
1075 2170 1103 2232 Β

244 2244 277 2299 Β
485 2272 595 2337 ueniet
631 2271 739 2357 [prop.
773 2270 821 2356 2].
885 2277 918 2336 et
954 2272 1105 2337 similiter

90 2377 191 2441 etiam
214 2378 338 2462 reliqui.
384 2400 462 2464 ergo
484 2379 593 2463 ipsum
616 2383 644 2443 Β
669 2379 774 2444 solum
797 2378 947 2444 cernitur.

571 2612 622 2675 25.

158 2729 197 2794 In
221 2732 360 2815 speculis
385 2722 535 2798 concauis
559 2734 587 2798 si
609 2734 645 2796 in
668 2731 793 2796 ambitu
817 2731 869 2796 uel
893 2737 984 2796 extra
1003 2731 1104 2798 ambi·

89 2842 162 2901 tum
186 2837 298 2902 oculus
322 2839 469 2925 ponitur,
492 2840 605 2905 oculus
628 2861 695 2903 non
718 2839 858 2922 adparet.
984 2886 989 2894 .

158 2944 201 3009 sit
219 2947 319 3009 ΑΓΒ
343 2947 509 3030 speculum
532 2968 720 3029 concauum,
742 2949 775 3009 et
798 2945 910 3010 oculus
930 2949 958 3009 Β
980 2945 1015 3009 in
1037 2968 1103 3009 am·

88 3052 162 3116 bitu
186 3052 255 3116 eius
278 3056 431 3136 ponatur,
458 3051 541 3115 redii
564 3056 674 3117 autern
698 3051 848 3117 adcidant
870 3054 946 3136 BA,
965 3054 1033 3116 ΒΓ
1054 3073 1103 3116 re·

89 3157 345 3243 fringanturque.
390 3157 501 3239 itaque
525 3163 545 3232 L
559 3162 604 3221 M
615 3163 653 3236 4-
673 3162 749 3231 Θ>
763 3160 809 3242 Κ,
833 3161 899 3233 [Β
913 3161 951 3235 -Ι-
970 3161 1001 3221 Α
1014 3169 1048 3230 >
1065 3161 1100 3222 Ζ.

89 3287 188 3348 quare
211 3263 294 3328 radii
317 3267 391 3346 BA,
411 3265 478 3327 ΒΓ
500 3264 540 3327 ad
566 3265 696 3329 oculum
719 3269 748 3329 Β
775 3286 842 3327 non
868 3263 1101 3350 refringcntur3

87 3462 160 3529 τεθῇ
178 3459 215 3513 Μ,
288 3458 319 3512 τὸ
339 3456 413 3526 ὄμμα
428 3457 511 3529 alta]
530 3457 621 3527 τόμμα
640 3457 673 3512 V.
758 3463 800 3513 20.
819 3457 911 3528 ΑΓΒ]
931 3461 1014 3511 ΑΒΓ
1028 3458 1100 3513 Mm.

124 3537 166 3583 21.
186 3527 230 3600 τό]
250 3530 298 3585 καὶ
319 3527 385 3582 ἔστω
403 3527 434 3583 τό
453 3547 489 3584 m.
567 3535 610 3585 22.
630 3530 722 3598 μεῖζον
741 3547 766 3584 v.
839 3529 1100 3601 23.E11]AEm
