2424 3944
361 199 517 250 SCHOLIA
534 200 574 250 IN
592 198 825 250 CATOPTRICA.
1032 195 1096 260 359

150 345 203 408 48.
237 345 371 421 Μείζων
394 339 484 407 ἐστὶν
507 341 528 425 ἡ
551 345 615 405 ΒΖ
637 364 668 425 p.
688 341 763 425 334,
783 340 838 425 15]
864 340 919 404 διὰ
942 351 1010 404 τῶν
1033 339 1096 404 ἀπὸ

85 451 130 527 ὡς
152 450 189 515 ἐν
211 459 256 538 τςό
281 446 339 514 λε’.

150 574 203 638 49.
237 577 495 656 Σοιμπεσοῦνται
522 573 586 657 ἄρα
613 596 644 656 p.
668 571 748 657 334,
772 571 827 656 17]
856 579 970 654 κοινῆς
996 587 1098 656 προσ-

45 707 48 711 ’
82 677 235 764 κειμένης
257 687 316 762 τῆς
336 678 402 743 ὑπὸ
427 682 540 742 ΖΑΠ.

150 803 202 869 50.
240 802 455 888 Παράλληλοι
482 800 545 886 γοίρ
574 801 660 865 εἰσιν
686 823 716 885 p.
740 801 820 885 334,
843 799 904 884 22]
934 797 1002 865 ἐπεὶ
1029 801 1093 886 γὰρ
1130 811 1147 860 σ

85 913 147 977 δύο
171 913 209 975 αί
228 913 324 974 ΒΛΖ
352 905 452 973 δυσὶν
479 919 552 983 ταῖς
576 909 635 972 ΓΛ
642 911 669 971 Ζ
697 913 780 990 ίσαι,
809 906 892 995 ἀλλὰ
914 905 970 972 καὶ
992 910 1097 989 γωνία

85 1025 154 1100 ίση·
180 1016 267 1103 ὀρθὴ
287 1017 350 1101 γὰρ
374 1012 522 1100 ἑκατέρα·
545 1011 601 1079 καὶ
623 1017 729 1097 γωνία
747 1013 767 1097 ἡ
786 1013 851 1078 ὑπὸ
871 1017 970 1077 ΛΒΖ
993 1017 1098 1101 γωνία

83 1134 122 1210 τῇ
145 1123 211 1189 ὑπὸ
235 1127 267 1188 Λ
275 1126 336 1188 ΓΖ
365 1127 428 1205 ίση.
475 1124 565 1186 ἔστιν
589 1118 626 1186 δὲ
648 1117 703 1186 καὶ
725 1119 746 1203 ἡ
769 1120 835 1185 ὑπὸ
859 1124 958 1184 ΑΒΛ
981 1126 1035 1204 ἴση
1058 1129 1098 1206 τῇ

18 1317 19 1320 ¹
83 1231 149 1295 ὑπὸ
177 1233 288 1294 ΑΓΛ·
322 1230 405 1294 ὥστε
433 1230 530 1311 λοιπὴ
558 1226 578 1310 ἡ
608 1227 674 1292 ὑπὸ
702 1230 804 1291 ΠΒΑ
836 1231 934 1311 λοιπῇ
965 1238 1005 1313 τῇ
1031 1226 1097 1293 ὑπὸ

87 1339 181 1401 ΘΓΑ
205 1340 259 1418 ίση
283 1335 339 1399 διὰ
362 1336 399 1399 τὸ
422 1333 577 1419 τέτρασιν
600 1332 721 1419 ὀρθαῖς
745 1338 818 1409 ίσας
841 1327 926 1397 εἶναι
949 1334 1009 1409 τὰς
1030 1332 1096 1398 ὑπὸ
1116 1345 1150 1395 10

84 1445 189 1507 ΠΑΒ
215 1447 268 1524 ίση
291 1451 331 1527 τῇ
354 1441 437 1505 κατὰ
459 1442 623 1525 κορυφήν.
656 1438 714 1504 ἐὰν
733 1436 770 1503 δὲ
789 1439 852 1503 δύο
870 1441 1016 1524 τρίγωνα
1035 1440 1097 1503 δύο

85 1551 209 1630 γωνίας
237 1548 298 1612 δύο
326 1549 463 1629 γωνίαις
492 1552 565 1623 ίσας
592 1549 649 1632 ἔχη
676 1544 731 1610 καί
754 1547 794 1610 τὰ
817 1543 902 1629 ἑξῆς·
936 1551 1010 1610 ίσον
1033 1547 1097 1630 ἄρα

84 1656 122 1720 τὸ
147 1658 253 1719 ΒΑΠ
271 1656 436 1738 τρίγωνον
458 1659 503 1739 τςό
530 1653 634 1716 ΘΑΓ
651 1652 812 1739 τριγώνῳ.
858 1650 973 1715 κοινὸν
995 1668 1097 1736 προσ-

83 1764 208 1826 κείσθω
234 1760 271 1825 τὸ
295 1761 406 1823 ΒΑΓ·
438 1759 476 1822 τὸ
500 1762 539 1822 Π
541 1761 601 1822 ΓΒ
629 1759 694 1843 ἄρα
716 1767 762 1845 τῷ
788 1760 890 1822 ΘΒΓ
914 1763 996 1822 ἴσον»
1042 1761 1100 1821 καί

84 1869 169 1932 είσιν
193 1865 247 1932 ἐπὶ
268 1875 327 1949 της
350 1865 451 1949 αὐτῆς
474 1865 600 1948 βάσεως
618 1873 676 1949 τῆς
694 1869 733 1929 Π
736 1869 779 1929 Θ·
803 1865 1012 1949 παράλληλος
1030 1866 1094 1950 ἄρα
1114 1877 1146 1926 15

83 1974 104 2057 ἡ
128 1976 196 2038 ΒΓ
212 1983 252 2058 τη
275 1976 354 2037 HA).

151 2097 202 2162 51.
235 2099 369 2176 Μείζων
392 2098 455 2183 γὰρ
479 2097 499 2180 ἡ
519 2101 595 2161 MA
621 2121 651 2181 p.
676 2097 750 2180 336,
770 2095 804 2180 2]
829 2093 898 2161 ἐπεὶ
919 2097 1096 2178 ἰσογώνιόν

84 2203 154 2268 ἐστι
181 2204 218 2269 τὸ
242 2207 362 2270 ΠΑΜ
385 2207 551 2290 τρίγωνον
577 2213 623 2292 τῷ
649 2207 748 2268 ΑΒΛ
775 2202 941 2290 τριγώνῳ·
975 2205 1012 2267 αι’
1036 2201 1096 2287 μὲν

31 2358 32 2361 ,
84 2307 187 2394 ὀρθαὶ
215 2310 326 2375 αὐτῶν
354 2316 437 2394 ίσαι,
469 2310 490 2393 ἡ
519 2306 556 2374 δὲ
582 2310 666 2395 πρὸς
692 2318 738 2398 τῷ
762 2313 796 2373 Κ
820 2320 860 2395 τῇ
887 2309 952 2374 ὑπὸ
980 2314 1102 2375 ΠΑΜ
1193 2295 1199 2310 ’

83 2416 167 2481 κατὰ
190 2415 230 2479 τὰ
253 2415 317 2496 ἤδη
341 2416 527 2499 δειχθέντα·
552 2418 650 2500 λοιπη
674 2418 738 2502 ἄρα
761 2425 800 2501 τῇ
820 2420 917 2501 λοιπῇ
937 2421 1004 2499 ἴση·
1028 2427 1096 2480 τῶν
1115 2428 1149 2478 20

86 2519 122 2587 δὲ
152 2523 338 2604 ἰσογωνίων
366 2520 531 2604 ἀνάλογον
559 2524 596 2588 αί
615 2520 755 2608 πλευραὶ
783 2523 820 2587 αί
840 2520 917 2607 περὶ
942 2523 1001 2598 τὰς
1024 2527 1097 2598 ίσας

85 2632 218 2712 γωνίας,
241 2631 332 2694 ἔστιν
355 2630 429 2713 ἄρα,
452 2629 497 2704 ὡς
518 2628 539 2712 η
558 2634 642 2694 ΠΜ
659 2630 742 2714 πρὸς
760 2634 842 2713 ΜΛ,
866 2628 972 2705 οὕτως
994 2629 1014 2713 ἡ
1035 2632 1097 2693 ΒΛ

84 2736 168 2820 πρὸς
191 2739 263 2799 ΛΑ.
306 2732 361 2799 καὶ
385 2722 537 2817 ἐναλλάξ,
565 2735 609 2812 ὡς
634 2735 654 2818 ἡ
678 2740 762 2800 ΠΜ
783 2738 866 2821 πρὸς
888 2740 964 2820 ΒΛ,
990 2736 1097 2812 οὕτως

85 2839 105 2923 ἡ
129 2845 201 2906 MA
223 2841 306 2927 πρὸς
325 2844 398 2905 ΑΛ.
435 2843 554 2924 μείζων
577 2837 613 2905 δὲ
636 2841 656 2924 η
680 2845 765 2906 ΠΜ
783 2851 840 2925 τῆς
862 2846 937 2906 ΒΛ·
961 2841 1095 2926 ἐδείχθη

84 2946 162 3032 γοίρ·
186 2946 241 3012 καὶ
263 2947 283 3030 ἡ
307 2952 379 3012 ΜΛ
402 2948 466 3033 ἄρα
488 2956 547 3032 τῆς
570 2951 642 3011 ΑΛ.
1115 2959 1149 3009 25

155 3105 288 3172 48.‘Vq¹.
362 3111 404 3160 49.
424 3105 456 3160 V.
531 3111 573 3159 ιο.
593 3104 633 3172 V(
653 3107 671 3173 ).
745 3105 884 3174 51.v().

157 3272 181 3321 4.
208 3266 307 3337 zm]
330 3270 419 3320 ΖΔΗ
433 3267 465 3321 v.
559 3273 582 3321 ι.
606 3266 704 3336 ΑΒΖ]
724 3269 804 3319 Λκιι
822 3266 855 3320 v.
948 3270 972 3317 ε.
995 3265 1094 3336 ΑΓΖ]

85 3342 176 3392 ΑΓΗ
192 3338 224 3392 V.
312 3344 353 3393 10.
372 3337 434 3410 τοὶς]
453 3337 499 3391 hic
518 3336 629 3406 aliquid
648 3336 754 3391 excidit
772 3339 792 3406 (.
805 3382 810 3392 .
823 3380 846 3391 ..
868 3336 923 3390 ἔστι
942 3333 973 3389 δὲ
992 3336 1040 3389 καὶ
1058 3337 1094 3406 ἡ).

122 3415 162 3464 12.
184 3408 243 3480 ἔχη]
264 3407 319 3479 ἔχει
337 3409 370 3463 V.
427 3415 468 3463 13.
487 3410 586 3465 κοινὸν
605 3405 793 3480 προσκείσθω]
812 3406 857 3461 bis
870 3407 903 3462 V.
963 3411 1004 3461 15.
1026 3408 1094 3478 ΠΘ]

85 3479 263 3534 debuitBF.
327 3486 368 3535 18.
388 3482 476 3552 ABA]
495 3485 579 3535 ΑΒΓ
593 3480 627 3536 V.
700 3479 940 3551 25.MA]MAA
959 3477 992 3533 V.
1047 3485 1096 3546 τῆς

83 3552 147 3623 ΑΛ]
168 3559 202 3623 τῇ
223 3555 297 3605 ΓΑΛ
315 3551 349 3607 V.
