2424 3944
143 168 245 221 XXXII
513 169 787 220 I'llOLEGOllENA.

144 309 264 364 eundem
283 312 426 364 auctorem
449 311 560 361 secutus
580 310 635 375 est3
658 324 725 360 nam
742 307 925 361 Heliodorum
944 306 1058 360 Theona
1082 306 1158 360 anti-

144 390 270 458 quiorem
289 405 361 457 esse,
380 404 431 457 pro
450 390 526 442 certo
545 388 645 441 habeo.

216 469 310 523 Etiam
334 467 475 522 Arabibus
499 485 563 521 oum
587 467 687 521 ceteris
711 466 790 520 libris
814 466 988 521 intermediis
1013 469 1056 536 (eo
1082 466 1158 520 enim

145 551 258 605 nomine
281 548 325 601 illi
348 549 448 603 eadem
472 548 530 602 fere
555 565 639 617 opera
663 546 895 616 designauerunt,
924 563 997 616 quae
1021 547 1036 601 ὁ
1059 547 1159 615 μικρὸς

144 629 407 698 ἀστρονομούμενος
421 627 640 697 comprehendit,
659 645 685 681 u.
697 626 924 681 Steinschneider
938 625 1100 680 Zeitsehrift
1114 627 1160 679 fiir

146 708 235 762 Math.
259 726 285 763 u.
305 708 388 777 Phys.
415 715 483 762 1865
506 726 533 776 p.
553 711 620 777 464)
644 706 746 776 Optica
769 706 953 760 innotuerunt
976 705 1159 774 studioseque

145 788 355 856 tractabantur3
366 806 392 842 u.
404 786 631 842 Steinsohneider
641 786 802 840 zeitschrift
811 785 829 840 f.
836 787 924 841 Math.
935 803 961 839 u.
969 785 1159 854 PhysXXXI,

145 867 211 922 hist.
231 868 316 921 Abth.
335 887 361 937 p.
383 874 434 921 100
445 886 499 937 sq,
527 868 602 921 unde
624 867 695 921 haec
718 865 823 920 adfero.
870 865 990 919 Arabiae
1014 881 1049 919 ea
1071 864 1160 919 uertit

146 947 265 1016 Honein,
283 948 361 1002 ouius
375 948 639 1018 interpretationem
652 946 758 1001 Thabit
771 947 827 1000 ben
840 945 930 1000 Korra
945 948 974 999 et
987 945 1160 1000 Nasireddin

147 1027 215 1081 Tusi
238 1029 466 1083 emendauerunt.
505 1044 538 1082 ex
557 1026 674 1081 Euclide
697 1030 726 1081 et
746 1026 909 1080 Ptolemaeo
933 1043 984 1080 sua
1004 1025 1107 1094 Optioa
1131 1041 1160 1079 se

147 1107 299 1162 confecisse
319 1108 389 1162 dicit
406 1109 459 1162 Ibn
472 1108 609 1162 Haitham
627 1107 667 1177 (in
685 1106 917 1176 interpretatione
931 1105 1035 1160 Latina
1054 1122 1160 1174 eorum,

147 1204 220 1255 quae
240 1189 291 1241 sub
310 1189 424 1243 nomine
438 1189 565 1243 Alhazen
584 1187 654 1241 satis
673 1190 742 1241 nota
756 1189 807 1255 est,
826 1186 899 1239 nihil
913 1185 1066 1254 inuenitur,
1086 1185 1163 1254 quod

148 1283 182 1320 ex
196 1266 312 1321 Euclide
331 1270 554 1338 transsumptum
572 1284 633 1322 esse
652 1266 839 1322 demonstrari
852 1266 960 1337 possit).
990 1283 1025 1320 ex
1037 1266 1162 1320 Arabico

147 1346 229 1401 fluxit
253 1347 313 1402 sine
338 1348 424 1403 dubio
449 1351 478 1402 et
500 1347 696 1417 interpretatio
715 1347 828 1402 Persica
852 1350 881 1401 et
899 1347 1040 1401 Hebraica
1059 1345 1163 1416 (Stein-

149 1427 296 1482 schneider
313 1448 339 1498 p.
356 1434 425 1500 101).
1040 1467 1044 1472 =

219 1512 314 1562 utrum
337 1508 534 1579 interpretatio
558 1507 681 1562 Arabica
704 1508 742 1561 ad
761 1507 949 1562 occidentales
973 1506 1067 1561 medio
1091 1523 1163 1561 aeuo

148 1588 309 1656 peruenerit
324 1588 480 1658 Latineque
499 1605 581 1642 uersa
601 1587 639 1642 sit
655 1604 752 1656 necne,
772 1588 928 1642 discernere
946 1604 1070 1656 nequeo,
1089 1587 1165 1641 inter

150 1667 261 1722 codices
283 1668 401 1722 Latinos
426 1668 601 1738 Optioorum,
630 1685 700 1736 quos
720 1667 792 1737 uidi,
821 1668 914 1721 nullus
939 1671 1016 1721 certa
1038 1666 1164 1737 uestigia

150 1747 268 1818 originis
286 1749 425 1803 Arabicae
444 1750 538 1804 hahet.
570 1748 620 1802 sed
640 1747 741 1817 Optioa
756 1747 861 1802 Graece
879 1747 909 1801 in
927 1747 1013 1802 Italia
1030 1747 1165 1802 meridio-

149 1828 209 1882 nali
228 1829 369 1883 exstitisse
389 1829 501 1883 saeculo
520 1829 583 1896 XII,
603 1844 618 1881 e
637 1827 815 1896 praefatione
834 1827 948 1882 Henriei
967 1826 1107 1898 Aristippi
1127 1827 1165 1882 ad

152 1908 415 1978 interpretationem
424 1907 585 1962 Phaedonis
600 1907 784 1976 comperimus
799 1908 891 1978 (Rose,
906 1909 1023 1962 Hermes
1032 1908 1045 1961 Ι
1054 1909 1166 1978 p.388):

150 1991 231 2043 habes
249 1989 379 2043 Euclides
397 1992 501 2059 optica,
525 1991 572 2059 qni
594 1995 652 2042 iarn
668 2006 729 2043 cere
752 1996 776 2043 et
794 1990 957 2043 mirabiliter
980 1990 1013 2043 de
1035 1990 1167 2058 opinione

150 2069 263 2122 uidendi
276 2069 392 2136 disserit,
406 2077 438 2123 nt
451 2070 606 2138 opinabilia
619 2070 829 2123 ratiocinatione
839 2070 935 2137 probet
944 2069 1166 2124 demonstrativa.

153 2163 205 2200 nec
229 2146 342 2216 dubito,
371 2148 440 2216 quin
463 2165 496 2202 eo
519 2147 667 2202 referenda
690 2146 728 2201 sit
750 2147 947 2217 interpretatio
966 2164 981 2201 e
1001 2147 1109 2202 Graeco
1130 2147 1174 2201 ad·

151 2226 342 2281 recensionem
356 2228 504 2296 antiquam
522 2228 607 2297 facta,
627 2245 713 2296 quam
728 2244 813 2297 supra
827 2228 904 2282 edidi
919 2231 1040 2298 (praeter
1055 2227 1167 2282 codices

153 2323 239 2374 supra
256 2306 416 2362 nominatos
435 2309 519 2362 hosce
538 2307 618 2363 noui:
638 2306 886 2362 oodlticcardian.
898 2314 949 2362 885
964 2307 1012 2363 fol.
1024 2313 1168 2362 132-143

153 2403 225 2441 saec.
244 2385 317 2455 xiv,
337 2389 397 2442 cod.
417 2388 543 2443 Norimb.
563 2391 635 2442 cent.
649 2388 683 2456 V,
699 2392 733 2440 64
752 2386 800 2442 fol.
816 2394 981 2457 164—16811,
1001 2387 1062 2444 cod.
1079 2387 1167 2443 Oxon.

152 2465 257 2536 Colleg.
277 2466 357 2536 Corp.
373 2467 434 2523 Chr.
450 2474 516 2537 251,
543 2468 603 2522 cod.
619 2466 782 2537 cantabrig.
797 2468 949 2523 Uniuersit.
969 2469 1032 2522 Mm
1050 2469 1098 2538 ΙΠ,
1115 2471 1168 2538 11).

153 2547 290 2616 interpres
316 2565 488 2616 quamquam
515 2549 546 2601 in
572 2548 735 2602 uniuersum
761 2547 869 2601 Graeca
897 2547 1037 2602 uocabula
1067 2547 1168 2616 tenuit,

101 2639 103 2643 ’
154 2629 250 2679 tamen
268 2627 410 2681 interdum
428 2628 547 2682 ridicule
566 2628 679 2698 errauit,
698 2628 779 2682 uelut
796 2646 823 2697 p.
845 2633 886 2697 78,
906 2634 920 2682 1
941 2629 972 2683 τὸ
992 2632 1028 2682 M
1041 2627 1170 2682 reddidit

153 2725 294 2779 sectionem
312 2707 374 2795 (rori
392 2726 464 2797 legit
485 2744 536 2796 pro
560 2748 591 2782 ro
611 2732 648 2797 fi),
668 2746 694 2797 p.
715 2733 757 2796 92,
779 2734 810 2781 16
831 2727 1021 2794 ὁποτερασοῦν
1038 2729 1171 2783 utralibet

153 2821 228 2874 erpo,
247 2822 273 2872 p.
291 2810 350 2874 100,
366 2810 382 2858 e
400 2815 531 2876 τεμοῡσιν
549 2815 676 2876 secantes,
694 2826 721 2877 p.
738 2814 797 2876 roe,
812 2813 848 2862 24
866 2801 883 2881 ᾗ
902 2809 959 2876 aaz,
982 2812 1086 2876 p.108‚
1104 2812 1119 2861 a
1140 2810 1175 2861 M

152 2894 261 2962 qnidam
279 2889 313 2964 (ᾗ
328 2921 361 2941 =
376 2892 450 2966 μέν);
470 2895 660 2968 instripida)
681 2913 789 2966 semper
807 2896 866 2951 fere
884 2897 1089 2966 interpretatur
1107 2914 1170 2952 con·

154 2976 322 3044 ianpantnr,
346 2977 423 3043 quod
446 2976 584 3047 corrigere
606 2994 663 3031 non
687 2976 848 3033 debueram.
885 2979 998 3047 praeter·
1015 2975 1172 3046 interpola-

154 3052 246 3106 tiones
269 3053 391 3109 minores
415 3074 442 3126 p.
462 3062 487 3125 3,
510 3063 555 3123 13;
584 3063 608 3126 5,
630 3062 675 3126 ¹93
701 3062 743 3126 33,
764 3062 793 3125 93
821 3062 864 3126 33,
885 3063 914 3124 7,
942 3061 1052 3124 37,17;
1076 3061 1121 3125 43,
1140 3062 1170 3124 4;

156 3138 302 3203 71,1,11,
321 3152 393 3203 quas
411 3135 517 3206 recepi,
536 3136 588 3190 has
608 3136 696 3190 habet
713 3135 834 3190 maiores
852 3135 883 3189 in
901 3137 943 3191 D:

226 3217 292 3282 post
309 3233 336 3284 p.
358 3223 404 3285 11,
425 3221 458 3270 21
482 3215 513 3269 in
536 3215 624 3270 oculis
644 3215 772 3271 subiecta
791 3215 936 3286 superficie
955 3214 1173 3270 consistentium

154 3292 294 3348 linearum
313 3295 548 3363 equidistantium
565 3295 688 3350 latitudo
707 3296 841 3350 remotior
855 3299 898 3350 est
916 3297 1071 3349 secundum
1084 3295 1173 3351 uisio-

156 3390 221 3426 nem
247 3375 393 3431 minorem.
440 3376 581 3445 equalitas
605 3379 700 3430 autem
722 3376 844 3430 hahetur
866 3378 905 3446 lep
932 3374 1009 3429 linea
1032 3374 1174 3430 existente

156 3454 253 3520 equali
267 3458 306 3510 to.
337 3456 478 3510 subtensis
497 3456 588 3511 cordis
608 3459 690 3510 erunt
707 3455 821 3524 equales
835 3458 950 3526 propter
964 3455 1175 3526 triangulorum

69 3510 119 3711 χ
157 3532 212 3587 duo
236 3534 327 3589 latera
351 3535 465 3603 equalis
488 3540 517 3590 et
536 3535 654 3607 angulos
674 3540 821 3591 contentos
845 3536 967 3605 equales.
1006 3537 1044 3589 ad
1063 3535 1176 3606 equali·
