2424 3944
118 132 183 197 352
393 135 549 188 scnom
566 139 605 189 m
625 137 857 190 οεεοεεεῐοι.

119 281 202 341 ΣΚ·
235 280 272 342 αί
297 280 359 364 γάρ
387 285 506 362 γωνίαι
538 282 596 345 τὸν
624 282 728 347 αὐτὸν
758 284 860 364 λόγον
892 283 1027 364 ἔχουσιν
1061 292 1134 357 ταῖς

118 389 356 473 περιφερείαις,
387 390 431 466 ὡς
454 389 558 476 ἐντῷ
583 388 615 456 ς’
639 400 706 454 τῶν
728 393 901 472 στοιχείων
928 387 1017 473 [33]·
1052 387 1132 470 ὅπερ

120 1257 295 1322 ἀδύνατον.
341 1262 453 1345 πολλῷ
477 1254 513 1322 ὁὸ
536 1255 638 1322 πλέον
664 1253 743 1322 οὐδὲ
770 1257 861 1333 ε’κτὸς
884 1267 1135 1342 συμπεσοῦνται

119 1365 164 1440 ὡς
187 1363 240 1429 ἐπὶ
263 1373 320 1449 τῆς
342 1363 376 1448 β’
395 1373 620 1451 καταγραφῆς·
645 1369 757 1452 πολλῷ
780 1365 843 1449 γὰρ
866 1365 904 1429 τὸ
927 1363 1109 1430 ἀδύνατον.

84 1501 100 1548 5
189 1490 237 1554 18.
270 1488 364 1571 Αὕτη
388 1488 408 1571 ι]
431 1490 626 1573 καταγραφὴ
655 1488 696 1552 οὐ
720 1489 803 1553 κατὰ
825 1489 866 1552 τὰ
889 1487 1135 1573 ἀποδειχθέντα

120 1593 210 1660 ἐστὶν
243 1594 492 1679 ἐκβαλλομένων
523 1606 589 1660 τῶν
622 1597 731 1672 ὄψεων
763 1594 818 1660 καλ
845 1605 913 1660 τῶν
941 1594 1134 1680 ὁρωμένων,

119 1699 197 1766 οὐδὲ
220 1701 240 1784 ι]
264 1711 323 1766 τοῦ
347 1705 490 1786 βιβλίου,
513 1702 597 1767 ἀλλὰ
620 1703 703 1786 αὕτη
726 1703 809 1766 κατά
831 1703 868 1767 τὸ
893 1701 929 1767 ἐν
947 1714 1016 1778 τοῖς
1041 1703 1135 1790 ὅροις

119 1807 368 1893 ἐκβαλλομένων
391 1819 458 1873 τῶν
481 1810 591 1885 ὄψεων
618 1807 673 1872 καὶ
696 1807 848 1874 καθέτων
871 1806 1045 1892 ἀγομένων
1069 1809 1132 1875 ἀπὸ

119 1924 186 1978 τῶν
210 1912 387 1998 ὁρωμένων
414 1911 470 1978 καὶ
494 1911 757 1997 ἐκβαλλομένων,
784 1914 871 1978 καθὸ
895 1912 915 1996 ἡ
938 1915 1133 1999 σύμπτωσις

66 2033 99 2081 10
118 2023 258 2103 γίνεται,
281 2019 459 2105 ὁρωμένων
481 2031 548 2085 τῶν
570 2018 756 2107 ὁρωμένων.

182 2146 232 2209 19.
264 2146 422 2210 Δυνατὸν
445 2148 514 2226 καί,
538 2145 582 2221 ὡς
606 2148 669 2228 ἔχει
693 2143 713 2226 ἡ
736 2147 941 2231 καταγραφή,
964 2149 1132 2232 προβῆναι

119 2252 180 2334 τὴν
203 2248 314 2327 ὁείξιν.
351 2249 463 2332 ε’πειὸὴ
488 2249 550 2334 γὰρ
574 2248 721 2333 ἀνωτέρω
745 2247 835 2314 ἐστὶν
852 2249 873 2332 ἡ
893 2255 955 2314 BA
978 2261 1038 2336 τῆς
1052 2257 1131 2319 ΒΓ·

119 2357 176 2421 ἐὰν
195 2358 257 2442 γὰρ
278 2358 411 2421 ἀνωθεν
430 2357 486 2420 ὁιά
504 2356 615 2421 αὐτῶν
629 2356 803 2441 ἀγάγωμεν
816 2357 971 2442 κάθετον,
990 2361 1031 2424 τά
1049 2361 1132 2425 κατά

118 2474 175 2547 τῆς
203 2470 269 2529 BA
297 2465 337 2528 τὰ
365 2462 513 2548 ἀνώτερά
540 2463 609 2528 έστι
637 2473 695 2547 τῆς
722 2461 879 2528 καθέτου·
917 2465 954 2528 τὸ
982 2464 1047 2530 ἀπὸ
1073 2476 1146 2550 τῆς·

66 2583 99 2631 15
119 2569 284 2656 ἀνωτέρας
307 2570 490 2656 ὁρώμενον,
514 2571 532 2635 ὅ
556 2569 684 2635 ἔστιτὸ
708 2577 756 2654 Δ,
778 2572 815 2635 τὸ
839 2571 1006 2656 ἀνώτερόν
1030 2571 1132 2638 ἐστιν.

185 2696 237 2760 20.
271 2693 337 2759 Καὶ
360 2704 459 2760 τοῦτο
483 2695 603 2779 ὁμοίως
626 2704 670 2781 τῷ
690 2693 860 2780 ἀνωτέραν
883 2690 1049 2780 εἶναιτὴν
1068 2702 1132 2763 BA

118 2811 175 2884 τῆς
198 2806 268 2866 ΒΓ.
315 2801 372 2866 ἐὰν
396 2799 432 2866 ὁὸ
455 2803 536 2866 κατὰ
559 2802 596 2865 τὸ
621 2800 657 2866 ἐν
680 2813 749 2878 τοῖς
771 2801 863 2888 ὅροις
886 2800 1030 2868 ἐπὶτῶν
1051 2828 1132 2892 κυρ-

117 2920 198 2991 τῶν,
231 2909 284 2973 ὅτε
316 2908 454 2973 ἕκαστον
487 2921 553 2973 τῶν
581 2907 758 2995 ὁρωμένων
791 2908 827 2974 ἐν
859 2909 973 2986 αὐτοῖς
1002 2910 1132 2997 ὁρᾶται,

189 3108 230 3157 18,
250 3102 334 3172 V(q);
355 3103 392 3157 ad
410 3121 486 3172 prop.
508 3109 531 3157 9.
591 3110 632 3158 19.
653 3102 735 3174 V(q);
755 3103 792 3157 ad
811 3103 897 3160 schol.
916 3122 958 3160 nr.
980 3110 1020 3160 18.
1084 3111 1130 3160 20.

117 3173 198 3242 Περ),
218 3174 255 3226 ad
273 3191 351 3243 prop.
373 3181 414 3230 10.

187 3359 211 3406 4.
236 3353 391 3423 ἀδύνατον]
412 3368 448 3407 sc.
464 3355 564 3420 μεῖζον.
636 3359 658 3407 7.
678 3351 759 3423 ἀλλά]
780 3368 832 3407 om.
853 3370 879 3421 q.
953 3359 977 3408 8.
998 3353 1130 3425 ἐκβαλλο-

117 3423 220 3495 μένων]
236 3442 262 3492 q,
283 3421 474 3494 έβαλλομένων
484 3425 516 3478 V.
574 3430 614 3478 12.
635 3421 773 3496 ἀνωτέρω]
788 3424 896 3492 ἀνωτερ
904 3424 938 3494 V,
961 3422 1094 3495 ἀνωτέρω
1104 3444 1130 3494 q.

153 3501 194 3549 14.
214 3496 352 3566 ἀνώτερα]
370 3497 478 3562 ἀνωτερ
492 3496 524 3565 V,
545 3492 673 3563 ἀνωτέρω
693 3513 718 3564 q.

36 3606 111 3704 R
