2424 3944
399 116 569 170 EUGLIDIS
588 118 727 169 OPTIOA.
1027 113 1068 177 31

54 262 154 327 hatur
187 261 228 326 ab
263 260 356 326 oculo
386 283 407 344 p
440 281 537 345 super
569 265 605 324 et
634 259 781 324 cathetus
811 265 857 342 pt.
917 258 1071 342 quoniam

55 399 136 464 ergo
160 376 279 442 accidit
301 376 410 440 radius
433 377 472 458 pi
499 379 532 440 et
554 375 746 460 refringitur
768 376 821 460 io,
852 374 893 438 ad
920 373 1070 458 aequales

56 492 198 578 angulos
225 490 408 576 repercussi
437 494 539 556 erunt.
593 488 736 572 aequalis
763 488 867 574 igitur
893 489 1031 575 angulus
1060 494 1073 553 t

55 607 179 694 angulo
198 608 220 690 i,
243 611 277 671 et
299 606 442 690 reliquus
466 627 544 692 ergo
566 604 701 688 reliquo
740 605 972 690 aequiangulus
991 626 1070 690 ergo

55 726 111 808 tpc'
137 723 288 808 trigonus
321 722 381 787 aab
408 722 549 807 trigono.
603 723 654 785 est
681 741 760 806 ergo
789 720 873 784 sicut
898 725 937 801 pt
967 720 1008 784 ad
1034 723 1072 806 tc',
1107 729 1124 780 t

54 841 106 905 ita
134 843 167 903 et
195 839 239 903 ab
267 838 308 902 ad
335 838 379 902 bi.
426 837 482 901 sed
505 837 697 920 quantitatis
718 841 758 918 pt
783 836 824 900 ad
847 837 875 899 a·
901 837 1071 921 proportio

56 960 109 1021 est
130 959 218 1020 nota.
266 957 298 1018 et
321 954 366 1018 bu
389 973 467 1038 ergo
491 952 532 1016 ad
554 953 590 1016 ba·
616 952 786 1038 proportio
810 956 861 1016 est
883 956 970 1016 nota.
1016 952 1073 1016 sed

54 1071 92 1136 bc'
114 1073 203 1135 nota.
249 1089 327 1154 ergo
351 1072 384 1133 et
407 1068 452 1132 ba
474 1071 523 1132 est
544 1072 632 1132 nota.

128 1327 251 1392 Datarn
272 1325 542 1411 profunditatem,
565 1329 688 1409 quanta
710 1329 774 1409 est,
794 1325 950 1390 inuenire.

126 1447 197 1508 esto
217 1442 294 1506 data
310 1440 515 1524 profunditas
530 1441 586 1525 ad,
604 1440 716 1504 oculus
736 1444 846 1504 autem
865 1440 946 1522 site,
965 1440 1072 1523 sitque
1091 1450 1126 1498 10

56 1557 267 1644 propositum
299 1578 510 1642 cognoscere,
543 1559 664 1638 quanta
697 1556 748 1619 sit.
807 1555 932 1619 accidat
963 1559 1073 1619 autem

56 1675 170 1741 radius
193 1675 236 1738 ed
257 1672 428 1738 concidens
451 1671 549 1755 plano
574 1670 614 1734 ad
635 1675 792 1754 punctum
812 1671 830 1734 b
853 1675 886 1735 et
907 1670 1073 1755 profundi-

56 1790 124 1878 tati
147 1788 188 1853 ad
210 1791 368 1873 punctum
385 1788 414 1870 d,
438 1790 472 1850 et
495 1785 653 1850 adiciatur
675 1807 695 1848 a
716 1788 837 1869 puncto
856 1785 874 1850 b
895 1785 931 1849 in
950 1786 1072 1851 directo

57 1906 75 1970 b
94 1905 146 1987 br,
170 1908 203 1968 et
225 1903 374 1968 trahatur
394 1903 434 1967 ab
453 1923 469 1967 e
492 1922 588 1985 super
606 1901 647 1966 br
670 1901 818 1965 cathetus
837 1922 882 1967 ea.
919 1903 1073 1986 quoniam

56 2041 138 2106 ergo
157 2040 175 2085 a
193 2023 226 2084 et
244 2039 266 2082 a
284 2018 396 2103 anguli
415 2020 491 2081 sunt
509 2015 669 2102 aequales,
691 2020 724 2081 et
742 2017 760 2080 b
779 2023 892 2082 contra
910 2041 945 2083 se
963 2019 1074 2105 positi,
1093 2027 1125 2076 15

57 2136 122 2201 erit
145 2138 179 2199 et
202 2133 319 2199 tertius
343 2133 442 2196 tertio
466 2131 617 2215 aequalis.
664 2154 762 2216 quare
790 2133 914 2219 trigoni
941 2135 1073 2200 similes.

55 2250 162 2315 latera
184 2248 287 2334 igitur
309 2247 575 2333 proportionalia.
612 2251 662 2312 est
680 2247 783 2334 igitur
801 2249 886 2314 sicut
906 2270 944 2315 ea
966 2251 1008 2315 ad
1024 2251 1073 2336 ab,

56 2446 273 2456 ———

54 2590 156 2712 ,Da
185 2582 334 2652 aequales]
363 2581 495 2650 eaquales
519 2582 558 2635 D.
654 2588 678 2636 4.
706 2583 732 2653 i]
757 2599 823 2637 cros.
847 2583 885 2637 D.
981 2589 1005 2638 6.
1030 2586 1072 2656 ti]

911 2840 1070 2848 -—--

58 2952 102 3032 ada
120 2975 151 3028 B.
208 2978 232 3026 6.
253 2973 347 3044 ΗΑΒ]
367 2969 427 3043 lud
445 2989 481 3026 m.
536 2971 579 3043 τό]
598 2981 647 3027 τοῦ
662 2991 688 3027 v.
744 2978 768 3027 8.
788 2973 855 3045 ἄρα]
875 2993 1025 3045 suprascr.
1041 2977 1071 3030 B.

95 3043 329 3116 9.AB]AHBv
343 3046 372 3097 et
384 3043 458 3113 vat,
474 3043 524 3097 sed
538 3061 605 3098 corr.
662 3050 703 3099 10.
721 3045 857 3116 ΓΘ]Γο
870 3047 924 3102 Bv.
974 3049 1073 3117 γνώρι-

58 3117 110 3186 μός
130 3116 186 3171 ἐστι
204 3115 330 3169 BVat.v.
417 3120 458 3169 13.
483 3115 524 3186 κ’]
544 3116 592 3170 ucc'
613 3115 693 3170 codd.
781 3122 822 3170 14.
847 3116 903 3170 ἐστί
926 3137 952 3172 v.
1030 3124 1071 3173 15.

58 3189 89 3244 τὸ
110 3190 148 3256 Ε,
168 3187 217 3241 aul
236 3184 314 3257 δέον]
335 3202 388 3240 om.
407 3185 486 3254 Vae,
504 3186 535 3240 τὸ
556 3190 581 3240 Ε
598 3186 650 3241 ins.
670 3188 737 3240 ante
757 3185 836 3255 ἔστω,
856 3189 905 3243 aul
924 3187 989 3244 δέον
1007 3193 1073 3259 post

58 3259 128 3315 ἔστω
145 3277 183 3313 m.
203 3264 227 3313 2.
315 3263 356 3312 16.
376 3254 443 3312 δέον
464 3256 530 3311 ἔστω
548 3257 602 3312 Bv.
689 3255 745 3311 ἐστί
763 3258 893 3314 Vatum.
978 3267 1019 3314 17.
1038 3269 1073 3332 τῇ

57 3331 126 3402 ὄψει
143 3327 236 3401 ἡλίου]
256 3346 309 3383 om.
328 3345 359 3398 v,
382 3328 538 3382 m.2Vat.
632 3334 672 3382 18.
698 3329 894 3399 namuco.
914 3331 950 3401 B,
976 3335 1027 3386 EA
1045 3351 1072 3387 v.

93 3408 137 3457 24.
156 3400 221 3472 τήν]
241 3417 294 3454 om.
312 3417 339 3454 v.
417 3400 479 3470 BZ]
501 3403 549 3452 ZB
568 3399 692 3454 BVut.v.
765 3402 865 3454 εὐθεῖα
884 3419 910 3456 v.
983 3401 1072 3458 κάθε-

10 3526 12 3533 .
55 3475 116 3547 τος]
136 3489 223 3544 snpra
241 3488 292 3527 scr.
308 3489 345 3525 m.
366 3476 381 3523 2
400 3470 433 3524 V.
