2424 3944
150 183 193 246 36
490 185 659 236 EUCLIDIS
678 186 817 238 ΟΡΤΙΟΑ.

149 331 317 412 δοκοῦσιν,
340 328 558 394 ὑποκάτωθεν
582 327 613 391 δ’
634 329 746 404 εὐθείς
769 323 865 412 εἶναι,
888 327 944 394 καλ
963 330 1000 394 αί
1017 328 1108 394 σκιαὶ
1127 327 1163 394 δὲ

148 447 216 501 τῶν
238 439 362 521 κρίκων
390 434 427 499 ἐν
454 444 499 523 τῳ
524 435 612 523 αὐτῷ
637 434 778 521 ἐπιπέδῳ
802 433 962 519 κειμένων
990 446 1036 518 τῳ
1061 440 1163 521 φωτί·

150 547 238 621 ζοντι
260 543 390 607 εύθείαι
413 544 573 624 γίνονται.

575 716 727 794 Ἄλλως.

113 853 129 900 5
213 842 289 909 Ἐὰν
312 843 348 908 ἐν
371 852 417 930 τῳ
440 843 530 930 αὐτῷ
554 842 696 930 ἐπιπέδῳ
720 852 766 932 τῷ
790 845 910 928 ὄμματι
928 845 1053 909 κύκλου
1073 866 1163 930 περι-

148 949 264 1035 φέρεια
288 957 381 1035 τεθῇ,
404 950 519 1015 εὐθεῖα
542 952 675 1034 γραμμὴ
698 950 718 1033 ἡ
742 960 802 1015 τοῦ
820 952 946 1016 κύκλου
969 951 1162 1038 περιφέρεια

148 1080 312 1140 φαινεται.

215 1166 297 1227 ἔστω
330 1164 455 1228 κύκλου
487 1186 577 1250 περι·
630 1170 662 1230 Β

148 1268 264 1355 φέρεια
287 1269 307 1353 ἡ
331 1272 403 1350 ΒΓ,
429 1270 517 1353 ὄμμα
541 1265 578 1333 δὲ
664 1197 1154 1525 &A

96 1385 129 1433 10
148 1378 230 1440 ε”στω
253 1377 290 1440 τὸ
308 1381 341 1439 A
360 1375 396 1440 ἐν
418 1385 464 1463 τῳ
488 1375 577 1463 αὐτῷ

148 1481 289 1570 ἐπιπέδῳ
304 1481 344 1547 ὄν
357 1486 475 1567 τῇΒΓ
487 1505 577 1568 περι-
640 1489 671 1547 I'

148 1591 278 1675 φερείῳ,
316 1587 374 1672 ἀφ’
404 1585 445 1654 οὗ
476 1604 578 1674 προσ-

147 1694 356 1760 πιπτέτωσαν
383 1696 476 1773 ὄψεις
503 1697 540 1760 αί
556 1699 633 1775 ΛΒ,
655 1700 688 1758 Λ
696 1698 733 1777 Ζ,
756 1697 831 1758 ΛΓ.
882 1695 1023 1777 οὐκοῦν,
1049 1683 1161 1778 ἐπειδὴ

147 1812 216 1866 τῶν
243 1799 422 1887 ὁρωμένων
450 1800 550 1867 οὐδὲν
583 1802 662 1867 ὅλον
692 1801 757 1885 ἅμα
788 1801 918 1887 ὁρᾶται,
950 1801 1067 1866 εὐθεῖα
1101 1804 1161 1887 ἄρα

96 1918 130 1966 15
149 1906 241 1972 ἐστὶν
263 1906 283 1989 ἡ
308 1911 380 1971 ΒΖ.
426 1908 547 1992 ὁμοίως
575 1909 616 1992 δὴ
644 1906 699 1972 καὶ
726 1907 746 1992 ἡ
771 1910 839 1971 ΖΓ.
885 1907 945 1990 ὄλη
969 1909 1034 1994 ἄρα
1056 1908 1077 1991 ἡ
1102 1912 1166 1973 ΒΓ

147 2012 340 2099 περιφέρεια
364 2014 481 2079 εύθεία
504 2013 602 2091 δόξει.

622 2215 685 2273 κγ.

216 2318 372 2400 Σφαίρας
390 2315 650 2398 ὁπωσδηποτούν
669 2315 837 2401 ὁρωμένης
849 2315 915 2380 ὑπὸ
931 2314 1005 2392 ἑνὸς
1019 2318 1160 2402 ὄμματος

149 2424 290 2487 ἔλασσον
318 2420 368 2486 ἀεὶ
396 2422 616 2507 ἡμισφαιρίου
640 2425 808 2507 φαίνεται,
840 2423 921 2487 αὐτὸ
950 2419 987 2487 δὲ
1013 2425 1051 2488 τὸ
1081 2425 1159 2511 δρύ-

96 2541 131 2589 20
149 2553 251 2614 μενον
273 2539 331 2613 τῆς
353 2531 498 2614 σφαίρας
520 2526 619 2614 μέρος
640 2530 765 2593 κύκλου
788 2529 980 2616 περιφέρεια
999 2534 1159 2614 φαίνεται.

151 2622 153 2626 ’
215 2639 297 2700 ἐστω
321 2647 457 2721 σφαῖρα,
480 2630 520 2718 ἧς
541 2634 680 2720 κέντρον
702 2632 763 2719 μὲν
785 2637 822 2700 τὸ
846 2642 888 2719 Α,
912 2638 999 2721 ὄμμα
1023 2634 1061 2701 δὲ
1081 2641 1159 2704 ἔστω

149 2745 187 2808 τὸ
211 2746 249 2806 Β.
295 2740 351 2806 καὶ
374 2742 558 2825 ἐπεζεύχθω
581 2741 602 2824 ἡ
626 2746 707 2824 ΑΒ,
730 2739 784 2805 καλ
808 2741 1020 2826 ἐκβεβλήσθω
1044 2746 1084 2810 τὸ
1108 2746 1160 2810 διὰ

149 2859 207 2933 τῆς
226 2854 289 2914 BA
308 2848 472 2914 ἐπίπεδον.
508 2851 639 2932 ποιήσει
658 2844 720 2914 οὖν
738 2850 843 2933 τομὴν
861 2850 993 2914 κύκλον.
1028 2856 1159 2917 ποιείτω

149 2957 208 3022 τὸν
224 2960 364 3021 ΓΔΘΗ
378 2957 511 3038 κύκλον,
529 2952 673 3039 καὶπερὶ
692 2956 869 3039 διάμετρον
887 2958 948 3040 τὴν
962 2961 1028 3021 AB
1042 2961 1163 3036 κύκλος

97 3073 131 3122 25
152 3063 335 3149 γεγράφθω
359 3061 377 3126 δ
402 3064 505 3145 ΓΒΛ,
529 3059 584 3125 καὶ
607 3061 855 3146 ἐπεζεύχθωσαν
878 3063 1008 3128 εὐθεῖαι
1032 3067 1071 3130 αί
1094 3070 1163 3149 ΓΒ,

149 3173 226 3252 ΒΛ,
250 3173 329 3250 ΑΛ,
353 3171 426 3232 ΑΓ.
481 3166 550 3232 ἐπεὶ
578 3164 641 3234 οὖν
667 3168 864 3253 ἡμικύκλιόν
891 3168 960 3234 ἐστι
987 3171 1025 3235 τὸ
1052 3175 1163 3256 ΑΓΒ,

150 3275 237 3358 ὀρθὴ
255 3277 360 3356 γωνία
380 3272 470 3339 ἐστὶν
488 3274 508 3358 ἡ
522 3274 588 3339 ὑπὸ
602 3278 716 3339 ΑΓΒ·
735 3275 856 3360 ὁμοίως
873 3274 928 3341 καλ
942 3276 962 3359 ἡ
976 3276 1043 3341 ὑπὸ
1058 3283 1165 3345 ΒΔΑ.

223 3470 246 3518 1.
266 3466 382 3519 δοκοῦσι
400 3484 425 3520 v.
499 3468 605 3593 εύθεῑρῳ
625 3471 702 3530 -θεῑς
719 3467 750 3520 in
768 3486 821 3522 ras.
841 3468 874 3536 V,
894 3470 1007 3532 εύσθεῖς
1024 3488 1051 3539 V,
1078 3471 1167 3528 εύθέσ

151 3535 271 3589 Vat.¹m.
351 3543 374 3591 4.
395 3537 493 3610 ἄλλως]
512 3540 556 3593 κε’
606 3539 773 3610 Vat.v(B?),
796 3539 884 3602 ἄλλως
901 3541 932 3594 τὸ
952 3541 1021 3595 αύτό
1040 3541 1167 3600 Vat.¹m.
