2424 3944
135 157 200 223 190
342 159 551 212 OPTIGORUM
570 157 747 210 mmmm
766 156 933 211 molus,

133 303 225 388 δρος·
257 301 379 386 ὁμοίως
410 303 472 384 γὰρ
500 310 540 386 τῇ
567 301 661 384 βάσει
693 300 776 364 κατὰ
803 308 913 365 πᾶσαν
945 296 1146 403 ἐπιφάνειαν

132 418 193 473 τοῦ
220 410 402 495 κυλίνδρου
434 406 591 492 δείξομεν.
645 407 729 472 ὥστε
758 406 839 472 ὅλου
871 413 932 470 τοῦ
959 405 1146 491 κυλίνδρου

132 524 192 579 τοῦ
214 514 348 599 ἡμίσεος
369 517 505 579 ἔλαττον
527 516 689 597 φαίνεται.

599 777 669 844 καθ’.

95 934 111 982 5
202 924 268 985 Τοῦ
300 918 338 985 δὲ
369 923 513 1004 ὄμματος
544 922 657 1002 ἔγγιον
683 917 839 995 τεθέντος
869 926 930 989 τοῦ
956 917 1143 1002 κυλίνδρου

129 1029 269 1091 ἔλασσον
287 1023 347 1110 μὲν
366 1029 456 1091 ἔσται
475 1027 512 1090 τὸ
526 1027 853 1112 περιλαμβανόμενον
867 1024 933 1088 ὑπὸ
948 1033 1017 1089 τῶν
1030 1025 1142 1102 ὄψεων

128 1141 188 1197 τοῦ
211 1133 404 1218 κυλίνδρου,
427 1130 515 1209 δόξει
538 1128 575 1196 δὲ
597 1135 708 1216 μεῖζον
730 1131 883 1217 ὁρᾶσθαι.

195 1259 278 1321 ἔστω
306 1257 369 1342 γὰρ
396 1257 579 1341 κυλίνδρου
607 1264 667 1320 τοῦ
695 1254 770 1341 περὶ
797 1257 858 1339 τὴν
883 1253 984 1337 βάσιν
1012 1253 1138 1319 κύκλου

129 1359 268 1447 κε’ντρον
289 1364 326 1427 τὸ
350 1365 396 1446 Κ,
419 1360 475 1427 καὶ
498 1362 561 1427 άπὸ
584 1366 692 1427 τοῦΒ
716 1364 860 1446 ὄμματος
883 1358 935 1426 ἐπὶ
953 1361 990 1425 τὸ
1010 1364 1046 1423 Κ
1065 1358 1138 1425 κέν-

76 1480 109 1529 10
127 1491 208 1553 τρον
226 1467 409 1553 ἐπεζεύχθω
428 1468 448 1551 ἡ
463 1472 492 1532 Β
498 1472 539 1552 Κ,
563 1469 619 1533 διὰ
638 1464 675 1532 δὲ
692 1477 752 1533 τοῦ
767 1471 802 1532 Κ
816 1468 899 1553 πρὸς
917 1465 1024 1551 ὀρθάς
1041 1466 1136 1551 ἤχθω

127 1573 146 1657 ἡ
171 1577 246 1658 ΓΛ,
273 1572 426 1660 καὶπερὶ
449 1575 510 1657 τὴν
533 1578 597 1638 ΚΒ
620 1575 741 1650 κύκλος
763 1573 959 1659 γεγράφθω,
986 1569 1043 1636 καὶ
1067 1570 1136 1636 ἐπε-

127 1683 318 1764 ζεύχθωσαν
336 1682 373 1744 αί
389 1683 468 1764 ΒΝ,
482 1684 564 1764 ΝΚ,
583 1684 654 1764 ΒΛ,
669 1683 746 1745 ΛΚ.
781 1679 837 1743 διὰ
855 1679 896 1762 δὴ
915 1678 955 1742 τά
972 1678 1135 1764 πρότερον

125 1788 162 1851 τὸ
179 1791 288 1852 ΛΖΝ
302 1789 437 1852 ἔλαττόν
451 1785 541 1852 ἐστιν
559 1785 766 1870 ἡμικυκλίου,
783 1783 839 1850 καὶ
852 1784 973 1869 ὁμοίως
986 1794 1027 1869 τῇ
1041 1784 1133 1868 βάσει

128 1893 208 1958 ὄλου
236 1901 295 1956 τοῦ
322 1893 505 1974 κυλίνδρου
533 1895 668 1957 ἔλαττον
695 1891 716 1974 ἣ
738 1893 776 1956 τὸ
798 1892 899 1975 ἥμισυ
923 1891 1132 1975 ὁραθήσεται.

73 2012 106 2060 15
125 2000 306 2084 προσήχθω
334 1999 375 2082 δὴ
403 2000 439 2063 τὸ
463 2001 551 2083 ὄμμα
576 1996 633 2063 καὶ
655 2000 738 2063 ἔστω
761 1998 798 2062 τὸ
825 2001 870 2080 Φ,
897 1994 1051 2082 καὶπερὶ
1075 1998 1131 2080 τὴν

128 2108 198 2169 ΦΚ
217 2105 337 2181 κύκλος
360 2104 553 2189 γεγράφθω,
576 2103 632 2169 καὶ
650 2103 898 2186 ἐπεζεύχθωσαν
916 2102 954 2165 αἱ
973 2105 1045 2186 ΦΡ,
1063 2105 1132 2185 ΡΚ,

125 2213 203 2292 ΚΣ,
217 2213 297 2274 ΣΦ.
330 2209 454 2274 οὐκοῦν
470 2212 507 2275 αἱ
523 2209 661 2276 ἀπὸτοῦ
678 2214 709 2275 Φ
727 2209 856 2285 ἀκτῖνες
869 2210 1131 2293 προσπίπτουσαι

123 2316 206 2380 κατὰ
232 2317 291 2392 τάς
317 2320 394 2399 ΦΡ,
419 2320 490 2381 ΦΣ
514 2326 707 2400 πεσοῦνται,
740 2316 777 2380 αί
801 2314 841 2379 δέ
866 2338 902 2398 γε
929 2314 993 2379 άπὸ
1021 2322 1083 2379 τοῦ
1104 2317 1131 2377 Β

123 2424 205 2487 κατά
231 2422 290 2498 τὰς
312 2426 392 2505 ΒΛ,
411 2428 495 2488 ΒΝ·
528 2427 637 2509 μεῖζον
664 2425 728 2508 άρα
750 2423 787 2486 τὸ
811 2425 917 2486 NZA
942 2430 1004 2486 τοῦ
1027 2425 1129 2485 ΡΖΣ.

70 2541 105 2590 20
124 2529 217 2594 δοκεῖ
237 2526 274 2594 δὲ
294 2532 404 2614 μεῖζον
421 2532 602 2614 φαίνεσθαι
621 2531 658 2595 τὸ
677 2532 778 2593 ΡΖΣ
796 2536 856 2592 τοῦ
874 2532 913 2592 Ν
915 2530 993 2591 ΖΛ·
1016 2530 1131 2612 μείζων

122 2636 186 2721 γὰρ
214 2635 235 2718 ἡ
266 2639 297 2700 Φ
326 2639 431 2718 γωνία
461 2646 520 2719 τῆς
545 2640 574 2700 Β
607 2639 737 2717 γωνίας.
792 2635 874 2698 ὥστε
905 2631 960 2698 καὶ
987 2642 1049 2698 τοῦ
1076 2658 1130 2699 κυ-

125 2742 264 2826 λίνδρου
302 2744 437 2807 ἔλαττον
468 2741 566 2828 μέρος
597 2742 798 2826 ὀφθήσεται,
835 2741 927 2805 δοκεῖ
958 2736 996 2804 δὲ
1022 2743 1130 2824 μεῖζον

123 2847 277 2934 δρᾶσθαι.

195 3153 218 3200 1.
238 3143 394 3214 ἐπιφάνιαν
413 3163 438 3200 v.
493 3151 517 3199 2.
537 3147 610 3198 Ante
629 3143 756 3214 δείξομεν
775 3143 827 3197 ins.
845 3143 877 3197 τδ
891 3143 959 3197 αὐτὸ
975 3145 1128 3216 συμβαῖνον

121 3235 157 3271 m.
172 3233 225 3271 rec.
241 3216 274 3272 V.
348 3222 372 3271 3.
392 3213 510 3285 ἡμίσεως
528 3217 561 3285 V,
583 3216 632 3269 sed
652 3233 720 3271 corr.
793 3220 817 3269 ὁ.
837 3213 884 3286 δέ]
904 3213 959 3270 del.
974 3233 1011 3270 m.
1026 3232 1082 3271 rec.
1096 3214 1127 3271 V.

158 3287 265 3357 ἔγγειον
283 3288 316 3342 V.
390 3293 414 3342 9.
434 3288 555 3359 K(alt.)]
575 3303 590 3341 e
609 3303 677 3342 corr.
697 3305 733 3341 m.
754 3292 768 3339 1
790 3286 823 3341 V.
900 3291 942 3341 12.
962 3285 1013 3341 διά
1030 3319 1066 3328 -
1085 3292 1124 3341 14.

122 3358 303 3431 ὁραθήσεται]
322 3377 378 3429 mg.
397 3377 433 3413 m.
454 3366 469 3412 2
488 3359 521 3428 V,
543 3376 596 3413 om.
616 3377 641 3414 v.
715 3364 756 3412 14.
776 3356 806 3429 '’ss
827 3373 879 3412 om.
898 3374 926 3425 p.
1000 3363 1043 3414 20.
1062 3358 1127 3412 Post

122 3433 154 3482 N
159 3434 209 3484 ΖΛ
228 3447 281 3484 ras.
302 3437 316 3484 1
336 3430 392 3484 litt.
412 3430 445 3485 V.
517 3432 610 3498 μεῖζον
628 3448 654 3484 τ.
734 3435 776 3484 21.
795 3429 869 3482 Ante
890 3431 913 3482 Φ
931 3427 984 3484 ins.
1004 3429 1075 3498 πρὸς
1091 3433 1126 3501 τῷ

120 3517 156 3554 m.
179 3517 231 3555 rec.
251 3502 283 3555 V.
357 3503 429 3554 Ante
450 3506 471 3554 Β
490 3500 541 3556 ins.
560 3501 631 3569 πρὸς
648 3505 686 3573 τῷ
703 3519 739 3554 m.
759 3517 811 3556 rec.
831 3499 863 3554 V.
