2424 3944
126 178 190 244 186
331 179 541 234 omoonun
558 178 736 232 mommo
755 178 922 232 Tmolus.

122 324 160 390 τὸ
179 323 396 410 ἡμισφαίριον
415 332 474 407 τῆς
491 325 636 409 σφαίρας
652 325 757 407 μόνον
775 321 961 407 ὀφθήσεται
977 319 1046 387 ὑπὸ
1065 332 1136 387 τῶν

125 435 164 514 Ζ,
181 434 213 496 Α
234 430 399 516 ὀμμάτων.
889 420 895 431 ’

594 570 657 640 σις’.

186 696 263 762 Ἐὰν
284 699 321 761 τὸ
348 708 416 762 τῶν
438 695 593 781 ὀμμάτων
616 696 779 781 διάστημα
801 698 912 780 μεῖζον
933 688 956 782 ἡ
978 704 1039 780 τῆς
1062 697 1134 760 δια-

88 801 243 890 τμέτρου
265 812 323 886 τῆς
346 805 499 888 σφαίρας,
524 801 743 889 ἡμισφαιρίου
766 804 876 886 μεῖζον
898 802 936 866 τὸ
959 801 1134 888 ὁρώμενον

121 919 179 992 τῆς
201 912 346 996 σφαίρας
368 909 562 994 ὀφθήσεται.

187 1018 269 1081 ἔστω
291 1018 355 1101 γὰρ
379 1027 515 1102 σφαῖρα,
537 1010 578 1098 ἡς
595 1013 734 1102 κέντρον
751 1015 788 1080 τὸ
810 1016 852 1099 Κ,
875 1024 942 1080 τῶν
965 1011 1004 1079 δὲ
1026 1015 1132 1101 ὀμμό-

121 1146 189 1187 των
215 1122 378 1207 διοίστημα
409 1123 446 1188 τὸ
479 1124 548 1187 ΒΓ
573 1125 682 1207 μεῖζον
713 1120 754 1187 δν
782 1130 840 1206 τῆς
867 1120 1046 1208 διαμέτρου
1076 1131 1133 1206 τῆς

122 1232 275 1315 σφαίρας,
297 1229 352 1294 καὶ
376 1231 432 1295 διὰ
454 1238 514 1294 τοῦ
533 1233 568 1293 Κ
587 1227 643 1294 καὶ
664 1238 723 1312 τής
740 1232 808 1294 ΒΓ
825 1227 1038 1312 ἐκβεβλήσθω
1064 1228 1132 1294 ε’πί-

70 1352 103 1404 10
121 1338 224 1401 πεδον
250 1335 306 1401 καὶ
331 1339 464 1401 ποιείτω
492 1335 529 1401 ἐν
555 1344 594 1420 τή
625 1340 751 1423 σφαίρᾳ
776 1337 900 1401 κύκλον
926 1336 986 1400 τὸν
1013 1338 1130 1419 ΔΖΝ,

121 1441 176 1507 καὶ
194 1441 487 1529 προσπιπτέτωσαν
505 1441 634 1518 ἀκτῖνες
651 1440 730 1507 καθ’
746 1443 784 1507 ἓν
802 1441 981 1526 ἁπτόμεναι
1004 1444 1042 1507 αλ
1059 1447 1130 1526 ΒΛ,

122 1553 193 1615 ΓΖ.
251 1550 376 1615 οὐκοῦν
412 1546 647 1632 ἐκβαλλόμεναι
683 1556 927 1632 συμπεσοῦνται
963 1546 1129 1632 ἀλλήλαις,

123 1656 233 1740 ἐπειδή
256 1655 276 1738 ἡ
296 1657 364 1719 ΒΓ
381 1663 438 1738 τῆς
461 1652 498 1719 ἐν
515 1664 555 1739 τή
574 1657 700 1740 σφαίρᾳ
717 1652 894 1740 διαμέτρου
914 1657 1034 1737 μείζων
1054 1654 1128 1721 ἐστί.

123 1760 397 1847 συμπιπτέτωσαν
423 1761 465 1844 δὴ
492 1760 574 1824 κατὰ
601 1761 639 1825 τὸ
664 1765 693 1824 Θ
719 1771 864 1844 σημεῖον.
909 1761 1035 1826 οὐκοῦν
1063 1760 1128 1827 ἐπεὶ

70 1887 103 1938 15
122 1869 185 1935 ἀπὸ
209 1878 269 1934 τοῦ
295 1873 324 1933 Θ
346 1871 482 1951 σημείου
506 1867 543 1931 αλ
565 1871 642 1950 ΘΖ,
664 1871 725 1931 ΘΛ
747 1865 826 1931 καθ’
847 1867 884 1931 ἐν
906 1866 1128 1953 ἐφαπτόμεναι

121 1975 425 2061 προσπεπτώκασιν,
448 1976 588 2038 ἔλασσον
610 1971 652 2037 δν
671 1978 721 2056 είή
739 1974 776 2037 τὸ
797 1976 897 2038 ΖΝΔ
918 1972 1127 2058 ἡμικυκλίου·

122 2082 159 2145 αί
179 2082 241 2167 γὰρ
267 2082 376 2162 ΘΖΚ,
397 2081 499 2143 ΘΔΚ
517 2081 637 2162 γωνίαι
659 2077 764 2164 ὀρθαί
783 2084 878 2145 εἰσιν.
913 2080 951 2144 τό
974 2081 1041 2166 ἄρα
1063 2085 1127 2146 λοι-

121 2188 186 2251 πὸν
208 2195 266 2269 τῆς
288 2188 432 2270 σφαίρας
458 2187 568 2269 μεῖζον
590 2184 809 2270 ἡμισφαιρίου
832 2185 948 2272 ὁρᾶται
974 2185 1041 2252 ὑπὸ
1065 2197 1128 2252 τῶν

122 2296 194 2376 ΒΛ,
213 2295 283 2356 ΓΖ.

69 2451 104 2501 20
597 2432 655 2513 κζ’.

185 2558 261 2625 Ἐὰν
283 2561 320 2626 τὸ
343 2570 410 2625 τῶν
432 2559 587 2644 ὀμμάτων
606 2559 769 2643 διάστημα
786 2561 926 2624 ἔλασσον
946 2551 965 2643 ᾖ
983 2567 1043 2643 τῆς
1061 2559 1129 2623 δια-

121 2665 242 2752 μέτρου
260 2675 317 2749 τῆς
336 2670 489 2752 σφαίρας,
511 2668 548 2731 τὸ
565 2667 735 2753 ὁρώμενον
752 2675 811 2749 τής
828 2667 972 2751 σφαίρας
990 2668 1128 2731 ἔλασσον

121 2771 340 2859 ἡμισφαιρίου
358 2772 552 2858 ὀφθήσεται.

210 2883 291 2944 ἔστω
315 2880 377 2964 γὰρ
402 2892 542 2966 σφαῖρα,
569 2874 609 2962 ής
625 2877 765 2965 κέντρον
787 2879 823 2944 τὸ
847 2882 894 2962 Κ,
921 2888 990 2942 τῶν
1014 2874 1051 2942 δὲ
1074 2877 1128 2962 ὀμ

69 3000 103 3049 25
121 2984 234 3069 μόνων
257 2985 419 3068 διάστημα
441 2986 479 3049 τὸ
498 2988 566 3050 ΒΓ
584 2987 720 3049 ἔλαττον
742 2983 782 3048 ὃν
800 2992 857 3067 τῆς
875 2981 1055 3070 διαμέτρου
1073 2992 1129 3067 τῆς

122 3095 275 3176 σφαίρας,
297 3089 353 3155 καλ
376 3092 432 3155 διδι
454 3101 514 3156 τοῦ
533 3094 568 3154 Κ
586 3089 643 3156 καὶ
664 3100 723 3175 τής
740 3093 809 3155 ΒΓ
826 3089 1039 3174 ἐκβεβλήσθω
1062 3088 1129 3155 ἐπί-

121 3199 223 3263 πεδον
249 3195 305 3262 καὶ
331 3202 462 3263 ποιείτω
492 3198 528 3263 ἐν
554 3206 594 3282 τῇ
622 3201 749 3284 σφαίρᾳ
774 3198 898 3262 κύκλον
925 3197 985 3261 τὸν
1014 3199 1128 3262 ΖΗΝ.

192 3467 215 3516 5.
234 3459 417 3531 ἡμισφαίριον
436 3479 467 3531 v,
486 3463 515 3514 et
532 3480 564 3530 p,
589 3459 637 3514 sed
656 3476 723 3516 corr.
798 3466 840 3515 10.
858 3456 967 3515 ποιείτο
985 3476 1013 3516 v.
1088 3465 1127 3514 11.

121 3531 234 3594 ἀκτῖνος
247 3550 272 3601 v,
292 3532 342 3586 sed
356 3549 423 3587 corr.
480 3530 522 3604 ἐν]
542 3531 574 3587 ὃν
589 3541 703 3601 σημεῖον
717 3550 743 3602 v,
763 3540 877 3602 σημεῖον
897 3530 962 3586 αδδ.
977 3549 1015 3588 m.
1030 3547 1085 3588 rec,
1095 3531 1126 3585 V.
