2424 3944
127 162 193 226 330
519 162 751 214 CATOH'RIOA.

24 350 29 358 -
127 317 172 390 τῷ
196 308 286 394 αὐτῷ
309 305 409 392 μέρει,
433 306 517 369 ὅπου
541 303 610 370 ἐστὶ
632 306 669 369 τὸ
693 303 791 389 ὄμμα,
817 305 895 369 οὔτε
917 315 986 369 τῶν
1009 303 1063 369 ἐπὶ
1084 313 1138 388 της

128 412 306 498 διαμέτρου
330 413 406 476 οὔτε
428 423 495 476 τῶν
518 411 610 487 ἐκτὸς
632 420 690 494 τῆς
712 409 901 495 διαμέτρου.

604 604 662 684 κζ’.

192 732 246 799 Ἐν
273 744 342 809 τοῖς
369 735 494 807 κοίλοις
517 730 688 815 ένόπτροις
716 729 774 795 έάν
801 729 855 795 έπλ
878 740 936 814 τῆς
959 729 1139 817 διαμέτρου

92 858 108 905 5
127 848 208 925 τεθῇ
232 842 272 904 τά
291 841 418 924 ὄμματα
438 844 512 903 ἴσον
530 837 692 921 ἀπέχοντα
711 846 771 902 τοῦ
788 836 939 923 κέντρου,
963 836 1139 923 οὐδέτερον

127 958 195 1012 τῶν
218 945 373 1030 ὀμμάτων
395 946 589 1030 ὀφθήσεται.

193 1056 275 1118 ἔστω
294 1058 408 1118 κοῖλον
427 1055 587 1137 ένοπτρον
605 1052 642 1116 τὸ
657 1058 689 1116 Α
695 1055 766 1134 ΓΔ,
790 1052 964 1136 διάμετρος
978 1048 1016 1115 ἀὲ
1030 1050 1050 1134 ἡ
1064 1056 1139 1133 ΑΛ,

126 1159 265 1246 κέντρον
292 1157 329 1223 ἀὲ
356 1160 393 1223 τὸ
419 1162 460 1242 Ζ,
492 1159 575 1243 πρὸς
598 1157 704 1244 ὀρθὰς
731 1154 768 1222 δὲ
791 1156 811 1240 ἡ
837 1160 912 1240 ΖΓ,
944 1155 1076 1241 ὄμματα
1104 1153 1139 1221 ἀλ

126 1268 167 1331 τά
190 1270 229 1349 Β,
247 1271 279 1331 E
305 1271 379 1330 ἴσον
403 1264 565 1348 ἀπέχοντα
592 1273 651 1329 τοῦ
674 1263 829 1348 κέντρου,
861 1262 939 1342 ὄψις
963 1261 1001 1328 ἀὲ
1023 1263 1043 1346 ἡ
1068 1266 1138 1328 ΒΓ.

75 1388 109 1437 10
127 1373 251 1437 οὐκοῦν
274 1371 488 1456 ἀνακλωμένη
511 1370 580 1454 ἥξει
603 1369 657 1435 ἐπὶ
679 1373 717 1436 τὸ
740 1376 785 1436 Ε·
818 1371 855 1436 έν
879 1376 966 1446 ἴσαις
988 1371 1052 1456 γάρ
1077 1394 1138 1452 γω-

126 1483 214 1555 νίαις
241 1479 429 1544 ἀνακλᾶται.
480 1480 563 1561 ἀλλη
594 1473 631 1542 ἀὲ
658 1477 796 1562 οὐάεμία
827 1475 895 1560 ἥξει
924 1476 1138 1562 ἀνακλωμένη

126 1585 190 1651 ἀπὸ
218 1595 277 1650 τοῦ
306 1589 335 1649 Β
363 1583 415 1649 έπλ
444 1586 480 1648 τὸ
509 1589 547 1649 Ε.
593 1586 624 1648 εί
648 1585 712 1669 γάρ
739 1583 807 1667 ἥξει
836 1584 880 1660 ὡς
907 1582 927 1666 ἡ
957 1587 1035 1667 ΒΘ,
1070 1583 1138 1648 ε’πε-

127 1695 318 1776 ζεύχθωσαν
346 1693 383 1756 αί
406 1696 482 1774 ΘΕ,
509 1695 583 1755 ΘΖ·
612 1692 688 1774 δίχα
715 1692 780 1776 ἀρα
803 1692 1007 1775 τμηθήσεται
1029 1690 1050 1773 ἡ
1074 1690 1137 1755 ὑπὸ

127 1803 227 1863 ΒΘΕ
254 1799 319 1862 ὑπὸ
347 1807 405 1880 τῆς
433 1801 511 1880 ΖΘ,
546 1795 601 1862 καλ
633 1796 799 1879 ἀνάλογον
831 1800 921 1861 ἔσται
953 1796 999 1872 ὡς
1025 1795 1046 1879 ἡ
1075 1801 1138 1861 ΒΘ

74 1919 107 1970 το
126 1906 208 1991 πρὸς
228 1909 305 1988 ΘΕ,
329 1904 349 1987 η
368 1908 432 1969 ΒΖ
454 1905 537 1989 πρὸς
557 1908 633 1968 ΖΕ·
657 1904 737 1990 ὅπερ
756 1903 936 1968 ἀδύνατον·
959 1900 1060 1987 ἡμὲν
1075 1905 1137 1991 γὰρ

126 2016 190 2075 ΒΘ
212 2015 330 2095 μείζων
354 2010 421 2076 ἐστὶ
445 2020 502 2094 τῆς
523 2015 595 2093 ΘΕ,
618 2009 639 2093 ἡ
663 2007 699 2075 ἀὲ
718 2014 781 2074 ΒΖ
805 2016 859 2093 ἴση
879 2021 917 2096 τῇ
939 2014 1010 2075 ΖΕ.
1044 2011 1138 2075 οὐδε-

124 2121 183 2199 μία
211 2120 274 2203 ἀρα
297 2116 366 2200 ἥξει
389 2116 603 2202 ἀνακλωμένη
631 2116 695 2182 ἀπὸ
718 2125 778 2181 τοῦ
802 2121 831 2181 Β
859 2115 911 2181 έπλ
934 2117 971 2181 τὸ
996 2121 1034 2181 Ε.
1081 2121 1139 2202 μία

125 2226 189 2309 ἀρα
208 2222 284 2301 ὄψις
302 2226 407 2307 μόνον
425 2223 711 2307 ἀνακλασθησεται
730 2221 784 2307 ἐφ’
801 2221 956 2309 ἑκατέρου
973 2234 1042 2288 τῶν
1056 2229 1096 2307 Β,
1109 2229 1141 2289 E

125 2330 290 2415 ὀμμάτων,
309 2329 363 2395 καὶ
383 2330 443 2395 οὐκ
462 2330 647 2414 ὀφθήσεται
665 2331 702 2395 τὸ
717 2335 761 2395 Ε·
784 2330 826 2394 οὐ
846 2332 908 2416 γάρ
925 2343 1139 2414 συμπεσεῖται

71 2451 106 2500 20
124 2437 144 2521 ἡ
162 2442 230 2502 ΒΓ
248 2436 467 2522 ἐκβαλλομένη
486 2447 524 2522 τῇ
545 2442 607 2502 ΒΛ
631 2435 682 2501 έπλ
701 2437 741 2501 τά
761 2440 845 2519 Γ,Α
867 2435 960 2521 μέρη,
984 2437 1138 2521 ἐφαίνετο

124 2541 160 2608 δὲ
183 2544 321 2610 ἕκαστον
344 2545 426 2609 κατά
449 2546 510 2628 τὴν
533 2545 705 2628 συμβολὴν
727 2546 832 2628 μόνον
854 2553 922 2607 τῶν
944 2543 1138 2628 ὁρωμένων·

123 2647 203 2716 οὐδὲ
225 2651 245 2734 η
264 2655 332 2716 ΕΓ
350 2652 389 2716 οὐ
413 2653 456 2734 μὴ
481 2649 629 2735 συμπέσῃ
652 2660 691 2735 τῇ
710 2655 777 2715 ΕΑ
800 2648 852 2714 ἐπὶ
874 2649 914 2714 τά
934 2653 1018 2733 Γ,Α
1042 2650 1138 2737 μέρη·

124 2757 160 2822 έν
184 2760 246 2844 γάρ
269 2770 339 2834 τοῖς
361 2761 485 2834 κοίλοις
513 2757 685 2842 ἐνόπτροις
708 2755 846 2822 ἕκαστον
868 2767 936 2821 τῶν
958 2756 1138 2842 ὁρωμένων

123 2866 204 2929 κατὰ
223 2867 283 2948 την
302 2864 366 2929 ἀπὸ
385 2873 445 2929 τοῦ
459 2863 630 2948 ὁρωμένου
648 2866 695 2939 είς
713 2864 750 2927 τὸ
764 2862 903 2949 κέντρον
921 2872 979 2946 τῆς
993 2868 1139 2950 σφαίρας

70 2983 104 3032 25
123 2969 288 3055 ἀγομένην
312 2971 448 3036 εὐθεῖαν
470 2970 595 3056 ὁρᾶται.

194 3170 217 3217 1.
239 3161 312 3219 ἐστίν
330 3164 386 3218 Vv.
460 3163 536 3234 οὔτε]
556 3162 618 3216 ολλτε
637 3182 664 3215 τι
682 3180 717 3216 m.
800 3165 824 3215 3.
844 3161 900 3232 κζ’]
919 3160 964 3214 W
979 3160 1037 3215 Vv.
1112 3168 1136 3217 5.

122 3233 157 3287 τά
176 3233 297 3306 ὄμματα]
315 3235 346 3290 τὸ
363 3234 437 3302 ὄμμα
455 3235 492 3289 Μ.
549 3239 572 3288 9,
592 3232 627 3286 τά
646 3234 680 3304 Β]
700 3250 715 3287 e
735 3249 803 3286 corr,
818 3231 855 3286 M.
911 3232 973 3303 τοῦ]
991 3240 1043 3286 τοῦ
1060 3237 1081 3287 Ζ
1099 3252 1136 3288 m.

160 3312 200 3361 11.
225 3303 407 3375 ἀνακλωμένη
431 3311 527 3360 -12.
547 3304 619 3376 ἣξει]
643 3321 696 3358 om.
716 3305 810 3358 Mvm.
902 3308 944 3356 12.
972 3303 1007 3374 ἡ]
1057 3307 1138 3358 ostea

122 3378 186 3433 add.
206 3396 241 3432 m.
318 3384 357 3431 14.
379 3377 479 3448 ΒΘΕ]
500 3379 585 3432 ΒΘΕ
603 3373 690 3445 γωνία
709 3393 745 3429 m.
806 3375 870 3446 ΖΘ]
892 3377 945 3429 ΖΘ
965 3322 1081 3438 εάΘεάἀς
1100 3395 1137 3430 m.

158 3449 245 3521 ἔσται]
265 3449 338 3503 ἐστιν
357 3448 394 3502 Μ.
478 3453 517 3502 15.
540 3448 610 3518 ΘΕ]
629 3447 681 3516 τὴν
702 3449 758 3501 ΘΕ
776 3445 846 3499 Mm.
922 3445 990 3517 ΖΕ]
1010 3446 1063 3516 τὴν
1086 3451 1138 3501 ΖΕ

121 3519 191 3574 Mm.
265 3527 306 3575 16.
327 3517 400 3573 ἐστίν
418 3518 473 3573 Vv.
546 3520 613 3590 ΖΕ]
634 3522 687 3572 ΕΖ
704 3518 742 3572 Μ.
817 3513 857 3572 18'.
878 3515 979 3588 μόνον]
998 3533 1054 3573 om.
1069 3518 1136 3572 Mm.
