2424 3944
166 160 233 227 220
376 161 586 215 OPI'ICORUM
603 162 781 215 REOENSIO
800 163 968 217 Timolus,

164 311 232 373 ΕΓ
249 307 458 393 παράλληλος
479 305 500 388 ἡ
523 310 605 388 ΑΒ,
631 303 687 370 καὶ
714 309 796 371 ἔστω
819 306 840 390 ἡ
864 312 931 372 ΑΒ
957 317 999 394 τῇ
1021 314 1091 373 ΔΖ
1117 314 1176 393 ἴση.

164 413 259 496 λέγω,
283 414 332 479 ὅτι
351 413 372 497 ἡ
391 417 456 478 ΑΒ
479 424 595 478 πασῶν
618 424 685 477 τῶν
708 411 761 478 ἐπὶ
779 422 838 497 τῆς
859 421 919 478 τοῦ
937 415 1067 480 κύκλου
1090 438 1176 502 περι-

164 524 298 605 φερείας
332 519 583 604 μεθισταμένων
619 520 763 585 εὐθειῶν
799 519 949 585 ἐλάσσων
985 524 1175 605 φανήσεται.

165 628 414 710 ἐπεζεύχθωσαν
437 628 500 711 γὰρ
524 628 561 691 αί
582 629 657 709 ΓΖ,
680 631 759 709 ΕΖ,
783 629 859 710 ΒΓ,
880 631 954 691 ΕΒ.
1000 631 1120 714 ἔχομεν
1141 626 1173 694 δδ

130 735 201 798 ῦέν
225 744 270 821 τῷ
293 732 519 820 παρακειμένῳ
543 741 588 820 τῷ
613 731 665 801 λς’
680 734 881 818 θεωρήματι,
904 733 957 798 ὅτι
974 746 1096 801 πασῶν
1112 746 1174 801 τῶν

164 841 220 904 διὰ
249 848 308 903 τοῦ
331 844 364 903 Ε
389 843 526 923 σημείου
554 837 725 923 ἀγομένων
752 839 896 904 εὐθειῶν
921 838 979 905 καὶ
1006 854 1173 907 ποιουσῶν

163 948 246 1026 πρὸς
277 955 317 1031 τῇ
349 950 422 1010 ΕΓ
450 949 576 1027 γωνίαν
608 945 759 1029 ἐλαχίστη
792 944 882 1011 ἐστὶν
912 946 934 1028 ἡ
965 946 1034 1013 ὑπὸ
1069 952 1171 1014 ΓΕΑ.

163 1050 232 1116 ἐπεὶ
260 1048 321 1118 οὖν
347 1052 367 1134 ἡ
392 1056 455 1117 ΓΕ
480 1062 520 1137 τῇ
543 1056 609 1117 ΑΒ
636 1052 846 1137 παράλληλός
872 1052 975 1133 ἐστιν,
1010 1053 1097 1120 ἀλλὰ
1121 1052 1170 1119 καὶ

164 1164 229 1241 ἴση,
247 1157 301 1223 καὶ
320 1158 418 1241 ηΕΑ
436 1161 500 1245 ἄρα
517 1169 557 1245 τῇ
572 1163 633 1224 ΓΒ
654 1165 707 1242 ἴση
722 1182 757 1224 τε
774 1158 830 1224 καὶ
847 1160 1061 1245 παράλληλός
1074 1161 1168 1227 έσιιν·

111 1272 144 1320 10
163 1267 506 1351 παραλληλόγραμμον
528 1267 592 1351 ἄρα
616 1264 684 1330 ἐστὶ
706 1267 744 1330 τὸ
768 1270 840 1330 ΒΕ.
882 1266 938 1330 διὰ
961 1267 1003 1330 τδι
1027 1267 1112 1333 αὐτὰ
1132 1267 1167 1350 δη

162 1369 218 1435 καὶ
250 1373 287 1436 τὸ
318 1377 382 1436 ΖΕ
411 1374 754 1458 παραλληλόγραμμόν
782 1371 880 1437 ἐστιν.
933 1371 989 1438 καὶ
1024 1372 1095 1439 ἐπεὶ
1124 1374 1169 1438 δεῖ

163 1476 281 1560 δεῖξαι,
305 1478 355 1543 ὅτι
379 1482 518 1544 ἔλασσον
541 1482 694 1563 φαίνεται
717 1480 755 1544 τὸ
779 1483 845 1543 ΑΒ
868 1487 928 1543 τοῦ
951 1485 985 1543 Δ
991 1484 1036 1564 Ζ,
1063 1482 1166 1565 δῆλον,

164 1586 214 1650 ὅτι
237 1587 399 1670 πρότερον
422 1587 475 1650 δεῖ
495 1583 608 1668 δεῖξαι,
632 1586 683 1650 ὅτι
705 1583 726 1667 ἡ
744 1585 810 1650 ὑπὸ
829 1589 930 1650 ΒΕΑ
953 1591 1061 1668 γωνία
1082 1587 1163 1652 ἐλάσ-

163 1708 233 1756 σων
256 1690 325 1756 ἐστὶ
347 1701 405 1775 τῆς
427 1692 492 1756 ὑπὸ
517 1696 617 1756 ΖΕΔ
643 1695 775 1774 γωνίας.
821 1689 890 1756 ε’πεδ
913 1688 977 1757 οὖν
999 1692 1162 1776 δέδεικται,

110 1807 142 1855 15
163 1799 213 1863 ὅτι
232 1809 348 1863 πασῶν
365 1809 433 1863 τῶν
451 1798 507 1862 διδ
525 1807 585 1862 τοῦ
599 1803 631 1862 Ε
652 1801 788 1881 σημείου
807 1797 1017 1882 διαγομένων
1031 1802 1163 1866 εὐθειῶν

161 1901 216 1968 καὶ
244 1915 413 1969 ποιουσῶν
439 1905 522 1990 πρὸς
549 1915 589 1991 τῇ
618 1908 681 1969 ΓΕ
705 1909 828 1987 γωνίας
842 1905 1008 1990 ·έλαχίστη
1037 1903 1161 1987 έστδνὴ

160 2010 226 2074 ὑπὸ
256 2014 369 2092 ΓΕΑ,
402 2010 599 2077 έλάσσων”
578 2036 642 2098 αμα
670 2010 738 2077 ἐστὶ
764 2010 820 2076 καὶ
847 2021 905 2094 τῆς
929 2012 996 2077 ὑπὸ
1028 2009 1161 2093 ΓΕΔὴ

161 2116 226 2181 ὑπὸ
251 2120 358 2181 ΓΕΑ.
405 2117 564 2183 ἐκκείσθω
588 2128 634 2183 τῶ
656 2127 717 2183 τοῦ
739 2119 863 2183 κύκλου
886 2118 1072 2209 ἡμικυκλίω
1100 2126 1206 2185 ἴσον

161 2223 198 2286 τὸ
222 2225 342 2307 ΚΑΑ,
369 2221 479 2288 καδί
448 2226 598 2309 είληφθω
622 2225 726 2290 αὐτοῦ
753 2226 790 2289 τὸ
814 2224 953 2311 κέντρον
980 2228 1019 2293 τὸ
1043 2232 1091 2312 Ν,
1115 2223 1161 2291 καὶ
1204 2212 1206 2257 ¹

109 2338 144 2386 20
162 2331 287 2394 κείσθω
310 2353 350 2415 τη
372 2330 437 2395 ὑπὸ
463 2335 561 2397 ΓΕΑ
584 2338 638 2415 ἴση
661 2330 849 2415 γωνίαὴ
832 2333 897 2396 υπὸ
920 2335 1054 2419 ΚΝΜ,
1076 2326 1160 2462 τηδδ

160 2435 225 2500 ὑπὸ
251 2440 350 2501 ΓΕΔ
373 2443 427 2519 ίση
450 2436 509 2520 η“
493 2440 558 2503 υπὸ
582 2442 657 2503 ΚΝ
659 2444 702 2521 0,
724 2436 780 2503 καὶ
798 2441 922 2503 κείσθω
946 2448 986 2524 τῇ
1009 2437 1115 2505 ΔΖ
1099 2462 1161 2504 εκα-

161 2542 238 2629 τέμα
261 2555 329 2609 τῶν
352 2549 435 2626 ΟΝ,
454 2549 536 2610 ΜΝ
555 2551 624 2629 ἴση,
650 2543 706 2610 καὶ
729 2546 786 2610 διδι
808 2541 868 2630 μὲν
891 2553 951 2609 τοῦ
974 2550 1022 2610 Μ
1038 2555 1077 2632 τῇ
1099 2546 1163 2611 ΚΝ

162 2655 215 2732 ἴση
243 2648 299 2715 καὶ
326 2651 535 2737 παράλληλος
560 2653 655 2736 ἤχθω
682 2651 703 2735 ἡ
727 2657 820 2735 ΜΠ,
851 2649 907 2716 καὶ
934 2650 1118 2738 ἐπεζεύχθω
1140 2647 1158 2731 ἡ

160 2759 246 2819 HK·
279 2760 622 2843 παραλληλόγραμμον
652 2759 717 2844 ἄρα
744 2755 814 2822 ἐστὶ
840 2759 878 2823 τὸ
906 2763 986 2823 ΝΠ
1013 2758 1070 2825 καὶ
1095 2765 1158 2824 ἴσον

160 2915 372 2924 -φ--ῄ

232 3026 256 3072 3.
276 3040 303 3082 -ς
321 3019 428 3109 μεχιο
446 3036 499 3074 ras
519 3021 552 3074 V.
643 3026 668 3074 4.
692 3021 739 3092 δέ]
764 3020 843 3089 δήν.
936 3026 959 3076 7.
983 3022 1066 3096 πρός]
1084 3035 1154 3091 supra

161 3106 352 3216 801δορέστίίιω
350 3110 461 3217 δίη
490 3089 691 3254 unffi).
711 3091 843 3234 9δέίῖιίιδ
860 3108 913 3218 δίιδ.
932 3110 967 3234 V,
993 3100 1062 3221 0031·
1068 3093 1153 3227 ἐδέθη

159 3249 194 3285 m
210 3237 225 3285 2
245 3251 270 3287 v.
344 3238 385 3289 12
406 3232 459 3305 οτι]
479 3251 531 3288 om.
547 3252 613 3303 v,m
592 3235 735 3303 ὡςοοαη).
755 3253 791 3288 m.
809 3240 833 3288 2.
906 3208 1080 3307 ἐλάοουνν,
1096 3249 1150 3289 οοπ

158 3321 194 3356 m.
213 3320 267 3357 rec.
350 3309 391 3359 13.
416 3304 474 3376 δεῖ]
499 3322 567 3358 corr.
587 3321 621 3358 ex
639 3304 676 3372 δή
694 3323 729 3359 m.
750 3311 810 3360 2v
894 3304 1010 3362 ἔλασσον
1028 3326 1054 3365 v
1118 3308 1151 3358 14.

159 3373 189 3426 ἐσ
189 3372 232 3429 τίν
251 3375 306 3429 Vv.
373 3381 413 3429 17.
435 3375 549 3431 ἔλασσον
567 3394 593 3430 V.
656 3374 729 3431 ἐστίν
746 3371 1151 3451 Vv.18.vo3]oorr.extb

157 3462 193 3498 m
213 3453 273 3499 κν
348 3451 388 3501 19.
408 3446 526 3518 ποίμνη]
547 3464 615 3501 corr.
636 3463 703 3500 exv
687 3452 779 3520 τῷω
799 3454 860 3502 2v
924 3432 1150 3522 τί(1ιοι·θ.)]κῷι

194 3522 236 3569 22.
256 3514 319 3588 μέν]
339 3517 392 3571 del.
412 3536 447 3572 m.
468 3525 527 3575 2v
601 3518 694 3573 24⁶5
694 3502 737 3573 τίν
756 3519 811 3574 Vv.
