2424 3944
234 153 272 203 IN
293 151 502 203 OPTIOORUM
521 150 777 202 RECENSIONEM
795 150 960 202 THEONIS.
1034 145 1099 210 253

89 295 173 359 αὐτὰ
210 296 302 372 ὄψεις
339 296 376 358 αί
409 299 492 377 ΒΝ,
525 298 611 377 ΔΝ,
644 296 723 358 ΚΝ.
790 290 888 376 λέγω,
930 293 980 358 ὄτι
1019 297 1101 356 ίσων

89 406 243 482 μεγεθῶν
266 399 394 462 τούτων
411 396 638 481 ὑποκειμένων
661 396 716 461 καὶ
735 397 798 463 ἀπὸ
817 407 877 462 τοῦ
896 402 935 463 Ν
954 401 1101 482 σημείου,

89 503 170 568 καθ’
201 505 219 568 ὄ
253 502 321 568 ἐστι
352 505 390 568 τὸ
418 506 519 588 ὄμμα,
552 516 619 568 τῶν
648 503 792 569 ἀκτίνων
823 516 1102 589 προσπιπτουσῶν

89 609 311 697 μετεωροτέρα
331 609 421 675 ἐστὶν
439 610 459 692 ἡ
479 607 636 694 μὲνὺΒΝ
655 609 745 687 ἀκτὶς
764 620 821 694 τῆς
834 616 916 694 ΛΝ,
939 610 959 693 ἡ
979 608 1016 675 δέ
1029 615 1106 675 AN
1206 616 1209 619 ’

90 728 149 800 της
172 721 252 800 ΚΝ,
276 715 330 781 καὶ
354 717 475 802 ὁμοίως
498 716 540 782 ἂν
563 726 660 782 τοῦτο
683 717 841 804 ὑπῆρχεν,
865 719 896 782 εί
916 716 971 782 καὶ
994 716 1101 804 ἕτεραι
1139 730 1155 778 5

91 827 228 900 πλείους
250 824 361 889 αὐτῶν
383 818 476 906 ἦσαν.

160 951 188 1013 6.
226 946 404 1012 Τουτέστιν
432 948 512 1012 ὄταν
539 950 576 1013 τὸ
600 948 681 1013 αὐτὸ
705 949 761 1012 διὰ
784 951 948 1013 πλειόνων
971 958 1103 1030 γωνιῶν

90 1055 218 1140 ὁρᾶται·
252 1058 324 1119 τότε
352 1056 414 1141 γὰρ
444 1054 479 1118 ἐκ
501 1065 569 1119 τῶν
592 1056 701 1131 ὄψεων
724 1053 853 1131 ἀκτῖνες
883 1056 997 1131 αὐταῖς
1020 1053 1102 1140 έρει-

93 1163 230 1245 δόμεναι
254 1163 310 1225 διὰ
332 1165 496 1244 πλειόνων
519 1161 561 1226 ῶν
584 1160 733 1244 λέγοιντο
757 1159 839 1247 ὁρᾶν
864 1163 902 1226 τὸ
926 1162 1104 1246 ὁρώμενον.

491 1372 543 1437 Ad
565 1395 656 1457 prop.
680 1373 705 1436 Ι.
1124 1388 1157 1436 10

163 1500 190 1561 7.
222 1504 288 1562 Asc
303 1499 366 1585 γὰρ
386 1500 422 1564 τὸ
442 1495 611 1584 ὁρώμενον
630 1497 812 1563 ἀπόστασίν
826 1521 901 1562 τινα
920 1501 1006 1581 ἔχειν
1022 1499 1105 1583 πρὸς

94 1606 132 1668 τὸ
152 1606 252 1689 ὄμμα·
277 1605 362 1669 οὑτω
382 1605 445 1688 γὰρ
465 1603 520 1668 καὶ
539 1602 750 1689 ὑραὺησεται,
770 1604 824 1687 ὡς,
843 1610 876 1668 εί
891 1627 927 1685 γε
942 1604 1105 1688 μηδεμίαν
1202 1649 1205 1654 «

95 1710 279 1776 ἀπόστασιν
302 1715 381 1795 ἔχει,
405 1711 466 1795 οὐχ
489 1708 699 1796 ὁραθησεται.

489 1922 541 1987 Ad
563 1944 653 2008 prop.
677 1921 717 1986 H.

163 2049 192 2112 8.
226 2048 276 2112 Οὐ
304 2048 367 2132 γὰρ
396 2047 438 2112 ἂν
465 2053 613 2131 είποιμεν
635 2070 665 2131 p.
687 2047 763 2131 156,
789 2047 844 2131 17]
873 2049 904 2112 εί
930 2048 992 2133 γὰρ
1017 2047 1106 2112 έλεύ-
1127 2063 1159 2111 15

97 2171 213 2218 σονται
236 2155 292 2218 διὰ
315 2166 382 2219 τῶν
402 2158 496 2238 Γ,Λ,
519 2157 645 2236 γίνεται
668 2157 832 2239 τρίγωνον
850 2157 927 2238 ἔχον
945 2155 1007 2219 δύο
1025 2154 1107 2219 ὑπο-

97 2260 280 2344 τεινούσας,
305 2255 352 2325 ὧν
370 2261 390 2344 ἡ
411 2260 502 2337 ἐκτὸς
523 2261 745 2325 ὑποτείνουσα
767 2263 885 2345 μείζων
904 2264 1029 2342 γίνεται
1050 2270 1108 2344 τῆς

97 2367 204 2450 ἐντός,
228 2366 372 2450 ὑπετέθη
397 2364 434 2432 δὲ
457 2373 521 2451 ίση.
1029 2354 1031 2358 ⁸

165 2491 195 2554 9.
228 2493 287 2575 Μὴ
315 2494 501 2575 θορυβείτω
530 2492 592 2576 γὰρ
621 2491 705 2575 ἡμᾶς
732 2499 846 2574 τοῦτο,
878 2491 965 2567 ὄπως
988 2493 1024 2557 τὸ
1048 2489 1108 2576 μὲν

97 2600 167 2661 ΒΓ
161 2602 194 2660 A
222 2601 385 2681 τρίγωνον
414 2595 466 2661 ἐπὶ
492 2595 593 2662 πλέον
615 2595 776 2684 ἠνέωκται
803 2597 885 2660 κατὰ
908 2597 1043 2681 πλάτος,
1071 2599 1108 2663 τὸ
1128 2610 1162 2659 20

98 2699 136 2767 δὲ
155 2707 258 2768 BKA
281 2705 483 2790 στενώτερόν
507 2703 584 2768 ἐστι.
621 2714 754 2787 πρῶτον
777 2699 837 2786 μὲν
860 2704 922 2789 γὰρ
946 2713 1006 2768 τοῦ
1026 2722 1110 2769 στοι-

97 2819 238 2894 χειωτοῦ
267 2814 442 2894 ζητοῦντος
470 2816 525 2874 ίσα
552 2809 607 2874 καὶ
634 2810 828 2896 παράλληλα
850 2821 942 2874 νοεῖν
970 2811 1009 2875 τὰ
1033 2835 1109 2894 φαι-

98 2919 233 3000 νόμενα,
254 2923 345 3004 είπερ
364 2920 401 2982 τὸ
420 2922 448 2981 Β
455 2921 523 2982 ΚΛ
541 2921 705 3003 τρίγωνον
723 2918 805 2982 κατὰ
823 2917 930 2982 πάντα
949 2916 1111 3002 ἐφήρμοζε
1158 2940 1160 2943 ·

98 3033 145 3111 τῷ
177 3027 272 3088 ΒΓΔ
304 3026 469 3112 τριγώνῳ,
502 3025 563 3089 οὐκ
595 3023 637 3088 ἂν
668 3019 754 3107 ἦσαν
786 3024 863 3107 δύο,
896 3021 968 3088 ἀλλ’
998 3024 1043 3100 ὡς
1074 3024 1111 3088 ἓν

99 3129 295 3214 ἐφαίνοντο,
327 3129 399 3195 ἀλλ’
426 3127 504 3195 οὐδὲ
531 3131 736 3215 παράλληλα·
769 3139 833 3195 νῦν
862 3128 893 3193 δ’
915 3130 1034 3213 οὑτως,
1067 3130 1111 3206 ὡς
1130 3142 1163 3192 25

172 3329 196 3377 6.
216 3323 254 3378 V²
273 3323 320 3393 (ad
339 3321 392 3377 def.
415 3325 447 3392 7).
522 3322 775 3392 7.M¹Rqru(Ft).
840 3327 864 3376 8.
884 3322 953 3390 V⁹q.
1020 3328 1043 3378 9.
1064 3322 1109 3377 W.

174 3506 214 3555 12.
236 3499 289 3570 γὰρ
308 3498 373 3572 καί]
393 3501 442 3554 καὶ
460 3499 513 3570 γάρ
532 3501 593 3570 RU,
613 3499 665 3570 γάρ
684 3519 705 3557 r.
771 3507 812 3556 17.
834 3500 957 3573 ἐκτόςῙθ
977 3517 1050 3554 con.
1064 3501 1121 3552 112.
