2424 3944
143 926 186 1011 '1.
222 944 459 1031 Θεωρουμένου
487 947 578 1022 τινὸς
604 946 713 1024 ὕψους
739 970 769 1031 p.
789 947 867 1030 286,
886 946 921 1030 4]
951 945 971 1030 ἢ
999 946 1100 1012 πάλιν

90 1054 205 1140 ἑτέρου
233 1056 323 1130 τινὸς
351 1055 500 1138 σώματος
531 1055 615 1139 πρὸς
641 1053 747 1139 ὀρθὰς
773 1058 896 1136 γωνίας
924 1053 1099 1138 ἱσταμένου
1188 1084 1191 1094 ·

91 1172 136 1249 τςό
161 1161 314 1249 ἐπιπέδῳ,
339 1160 374 1225 ἐν
398 1154 424 1249 93
447 1159 501 1225 καλ
524 1162 563 1226 τὸ
586 1164 747 1246 ένοπτρον
771 1173 882 1225 κεῖται.

160 1287 189 1350 9.
227 1290 292 1369 Τῆς
319 1289 463 1371 σφαίρας
489 1309 519 1370 p.
543 1287 622 1370 286,
647 1285 707 1370 15]
736 1280 805 1350 εἷπε
833 1282 869 1349 δὲ
897 1286 934 1349 τὸ
961 1283 1100 1370 κέντρον

90 1404 148 1477 τῆς
171 1397 316 1478 σφαίρας
337 1392 393 1457 καὶ
416 1393 456 1457 οὐ
479 1394 516 1457 τὸ
539 1391 678 1478 κέντρον
700 1401 760 1456 τοῦ
784 1390 960 1476 ἐνόπτρου,
988 1391 1098 1476 ἐπειδὴ
1137 1408 1153 1454 5

90 1498 300 1584 σφαιροειδές
324 1498 392 1564 ἐστι
415 1501 452 1564 τὸ
476 1501 599 1586 κυρτὸν
622 1503 791 1584 ἐνοπτρου.
834 1500 941 1584 ὥσπερ
966 1495 1028 1563 οὖν
1046 1498 1099 1563 ἐπὶ

89 1616 148 1689 τῆς
175 1611 320 1690 σφαίρας
347 1608 426 1689 ἔχει,
459 1606 524 1688 ὅτι,
552 1605 633 1670 ὅθεν
660 1605 702 1669 ἂν
724 1607 827 1689 νοήσῃ
851 1628 901 1680 τις
924 1602 973 1669 ἐπ’
995 1604 1100 1689 αὐτὴν

89 1713 331 1797 ἐκβαλλόμενον
345 1736 376 1776 τι
395 1711 498 1796 βιίρος
516 1712 580 1776 ἀπὸ
594 1722 652 1795 τῆς
666 1712 858 1795 ἐπιφανείας
873 1719 931 1794 τῆς
945 1715 1098 1797 σφαίρας,

88 1818 193 1884 ἐκεῖνο
212 1820 249 1884 τὸ
268 1819 370 1904 βάρος
391 1819 447 1882 διὰ
466 1827 525 1882 τοῦ
544 1816 683 1902 κέντρου
703 1817 880 1882 ἐλεύσεται·
904 1818 1015 1882 νεύσει
1033 1819 1097 1903 γὰρ

89 1925 140 1990 ιἰεὶ
167 1937 317 2010 φυσικῶς
344 1927 427 2010 πρὸς
453 1927 490 1989 τὸ
513 1924 630 2009 μέσον,
661 1925 751 1989 καθὰ
778 1922 832 1989 καλ
859 1935 905 2013 τῷ
931 1927 1097 2013 Θεοδοσίφ
1119 1938 1151 1986 10

88 2031 316 2098 ἀποδέδεικται
340 2032 376 2098 έν
394 2044 464 2109 τοῖς
482 2037 695 2117 Σφαιρικοϊς·
719 2031 806 2096 οὕτω
826 2033 867 2115 δὴ
891 2031 946 2096 καὶ
967 2029 1020 2096 έπλ
1037 2041 1098 2095 τοῦ

88 2141 324 2223 σφαιροειδοῦς
355 2140 517 2225 ἐνόπτρου
551 2139 608 2205 ἐὰν
640 2139 724 2224 πρὸς
750 2138 857 2224 ὀρθὰς
884 2143 1007 2221 γωνίας
1033 2138 1098 2203 ἀπό

87 2269 178 2322 τινος
205 2246 376 2332 ὁρωμένου
403 2247 515 2334 ιἰφεδῇ
543 2271 593 2324 τις
624 2247 754 2329 εὐθεῖα,
786 2247 869 2333 πρὸς
896 2248 933 2311 τὸ
960 2245 1098 2333 κέντρον

87 2361 147 2416 τοῦ
171 2353 332 2439 ἐνόπτρου
356 2366 510 2419 πεσεῖται.

155 2481 183 2543 3.
219 2477 339 2543 Οὐκέτι
362 2478 478 2562 ὁρᾶται
500 2480 626 2564 μ.286,
647 2479 702 2562 12]
731 2465 855 2543 οὐκοῦν
878 2477 915 2542 ἐν
937 2488 1006 2552 τοῖς
1029 2475 1097 2541 έπι-
1118 2489 1150 2537 15

86 2583 200 2660 πέδοις
228 2584 399 2670 ἐυόπτροις
426 2583 564 2649 ἕκαστον
590 2596 657 2649 τῶν
680 2582 857 2669 ὁρωμένων
885 2583 1000 2669 δρᾶται
1023 2581 1095 2648 κατ’

88 2690 193 2754 ἐκεῖνο
221 2692 258 2756 τὸ
285 2690 398 2777 μέρος,
430 2689 509 2756 καθ’
536 2690 554 2755 ὃ
583 2692 772 2775 σύμπτωσις
794 2693 919 2772 γίνεται
942 2690 1097 2774 ἐκβαλλο-

86 2797 197 2880 μένων
220 2806 278 2880 τῆς
301 2821 336 2862 τε
359 2800 464 2876 ὅψεως
491 2796 546 2862 καλ
569 2806 627 2881 τῆς
649 2797 713 2862 ἀπὸ
736 2805 796 2861 τοῦ
820 2795 991 2881 ὁρωμένου
1013 2804 1097 2861 καθ-

88 2902 178 2986 έτου,
207 2903 315 2989 ὥσπερ
340 2902 392 2967 έπλ
415 2912 474 2968 τοῦ
500 2901 717 2988 ὑποκειμένου
741 2901 982 2986 ὑπολείμματος
1004 2904 1041 2968 τὸ
1064 2910 1097 2967 Δ

158 3102 181 3150 1.
200 3114 227 3165 p.
301 3102 325 3150 2.
345 3096 415 3165 V¹p.
490 3102 514 3150 3.
534 3096 614 3164 qu.

158 3281 181 3330 7.
201 3274 301 3347 αὐτήν]
321 3292 348 3343 p,
367 3272 454 3328 αὐτόν
472 3273 506 3328 V.
580 3277 603 3327 8.
623 3273 661 3344 τι]
680 3290 707 3341 p,
727 3289 780 3327 om.
795 3272 828 3325 V.
895 3277 919 3327 9.
940 3271 1043 3343 ἐκεῖνο]
1063 3273 1096 3340 V,

87 3346 147 3400 ἐκεῖ
162 3364 188 3415 p.
244 3346 347 3416 νεόσει]
368 3344 486 3398 dubium
505 3343 580 3398 etin
599 3343 625 3396 V
643 3342 720 3397 etin
738 3361 765 3412 p.
826 3349 867 3398 12.
888 3345 1096 3416 σφαιροειδοῦς]

86 3417 119 3486 V,
140 3426 290 3486 σφαιρικοῠ
308 3436 335 3487 p.
391 3423 433 3470 15.
453 3415 563 3487 σχόλιον
582 3414 646 3470 add.
662 3420 724 3468 Μ
740 3414 772 3469 V.
838 3420 878 3469 19.
898 3411 1096 3487 ὑποκειμένου]

86 3505 112 3543 u.
132 3507 173 3543 nr.
192 3495 217 3543 4.
290 3487 377 3560 Δτό]
397 3487 458 3558 Vq,
479 3485 510 3542 δέ
528 3505 555 3556 p.
