2424 3944
147 182 211 246 116
486 184 657 236 EUOLIDIS
676 183 815 237 OPTIOA.

146 323 187 394 οὗ
206 330 369 412 συμβαλεῖ
384 337 425 413 τῇ
444 331 522 411 AB,
543 324 600 392 καὶ
623 329 705 392 ἔστω
724 326 745 410 ἡ
763 331 837 391 ΕΒ.
874 323 944 392 ἐπεὶ
961 321 1024 391 οὖν
1042 327 1159 409 μείζων

147 437 252 518 γωνία
265 433 285 517 ἡ
299 434 365 498 ὑπὸ
380 437 479 499 ΓΕΒ
498 443 556 517 τῆς
568 433 634 498 ὑπὸ
649 437 760 515 ΑΕΒ,
1197 492 1202 502 ,

146 544 256 626 μεῖζον
279 543 343 626 άρα
366 542 403 606 τὸ
428 544 488 605 ΓΛ
510 541 673 624 διάστημα
700 548 760 604 τοῦ
848 509 896 569 Α
1099 507 1138 567 B

29 685 34 695 ·
147 652 213 712 AB
245 651 406 731 φαίνεται.
463 648 545 712 ὥστε
573 655 634 711 τοῦ
661 649 761 731 ὄμμα·
805 653 845 715 Ιλ

113 765 128 812 ὅ
148 778 205 830 τος
228 751 280 818 ἐπὶ
297 763 358 818 τοῦ
378 759 410 818 Ε
430 752 589 838 μένοντος
611 755 648 818 αλ
668 756 761 831 ὄψεις

146 861 191 937 ὡς
232 858 285 924 ἐπὶ
322 861 363 925 τά
404 866 450 943 A,
480 864 512 925 Γ
542 859 623 946 μέρη
660 882 762 945 παρα-

146 969 325 1051 φερόμεναι
358 973 484 1031 θάττον
515 965 760 1052 παραλλάξουσι

146 1074 182 1137 τὸ
206 1078 238 1137 A
265 1075 347 1158 ἥπερ
374 1074 412 1137 τὸ
438 1076 472 1137 Γ.
520 1072 760 1138 ὑπολείπεσθαι

146 1181 210 1265 άρα
233 1177 320 1290 δόξει
343 1180 380 1244 τὸ
404 1183 479 1243 AB.

95 1367 128 1415 10
621 1355 684 1424 vs'.

218 1483 265 1546 Τά
297 1480 504 1565 αὐξανόμενα
535 1490 603 1545 τῶν
634 1487 787 1564 μεγεθῶν
815 1479 903 1558 δόξει
931 1480 1160 1564 προσάγεσθαι

144 1597 190 1676 τῷ
215 1589 346 1672 ὄμματι.

214 1697 297 1759 έστω
317 1691 490 1780 δρώμενον
505 1692 645 1779 μέγεθος
658 1695 696 1759 τὸ
711 1700 744 1758 A
749 1698 788 1776 B,
807 1696 894 1778 ὄμμα
913 1689 950 1757 δὲ
969 1696 1051 1758 έστω
1071 1695 1109 1759 τὸ
1124 1696 1160 1775 Γ,

147 1797 206 1885 ἀφ’
228 1796 269 1865 οὗ
292 1799 586 1886 προσπιπτέτωσαν
605 1800 733 1877 ἀκτῖνες
751 1801 788 1865 αλ
806 1804 875 1884 PA,
891 1803 961 1864 ΓΒ.
994 1798 1049 1865 καὶ
1069 1798 1161 1884 ηὐξή-

96 1917 130 1966 15
150 1913 224 1972 σθω
248 1908 284 1970 τὸ
309 1910 371 1970 BA
393 1905 449 1971 καὶ
472 1909 554 1972 ἔστω
577 1908 614 1971 τὸ
639 1911 712 1991 BA,
739 1904 795 1971 καὶ
817 1904 1046 1992 προσπιπτέτω
1072 1905 1161 1983 άκτὶς

148 2013 168 2096 ἡ
193 2017 261 2077 ΓΔ.
309 2010 377 2077 ἐπεὶ
400 2009 462 2079 οὖν
485 2017 603 2098 μείζων
628 2016 733 2096 γωνία
761 2013 781 2096 ἡ
804 2012 869 2078 ὑπὸ
893 2017 989 2078 ΒΓΔ
1016 2022 1075 2097 τῆς
1097 2013 1159 2078 ὑπὸ

150 2124 178 2184 Β
186 2122 259 2203 ΓΑ,
291 2122 401 2203 μεῖζον
429 2121 493 2205 άρα
521 2123 674 2204 φαίνεται
700 2121 738 2185 τὸ
767 2124 829 2184 ΒΛ
857 2128 916 2185 τοῦ
941 2124 1011 2192 BA.
1058 2120 1099 2184 τά
1125 2116 1160 2184 δὲ

149 2228 280 2309 μείζονα
304 2223 430 2291 ἑαυτῶν
454 2229 588 2311 ολόμενα
611 2225 856 2304 ἐπαυξάνεσθαι
875 2228 1023 2310 δοκοῦσι,
1046 2225 1102 2292 καὶ
1120 2227 1159 2291 τδ

149 2335 261 2414 ἔγγιον
284 2341 343 2396 τοῦ
368 2335 509 2417 ὄμματος
533 2332 691 2398 ἐλάττονα
714 2337 876 2418 φαίνεται.
912 2334 953 2398 τὰ
976 2335 1041 2419 άρα
1064 2330 1159 2410 αὐξό-

95 2450 129 2499 20
148 2462 231 2522 μενα
253 2449 320 2504 τῶν
343 2445 496 2521 μεγεθῶν
520 2437 607 2518 δόξει
629 2439 858 2525 προσάγεσθαι
880 2449 926 2528 τῷ
950 2441 1081 2523 ὄμματι.

626 2651 686 2730 νζ’.

206 2775 287 2842 Ὅσα
310 2775 363 2842 ἐπὶ
387 2787 432 2865 τῷ
452 2777 541 2865 αὐτῶ
561 2778 756 2861 διαστήματι
775 2785 878 2840 νεῖται
900 2787 968 2841 τῶν
987 2778 1101 2864 άνρων
1118 2777 1159 2862 μὴ

148 2881 198 2949 ἐπ’
220 2884 354 2960 εὐθείας
377 2893 422 2971 τῶ
446 2881 533 2971 μέσον
562 2886 684 2966 ὄντων,
711 2885 748 2947 τὸ
777 2883 856 2948 ὄλον
884 2893 1003 2968 σχῆμα
1020 2881 1076 2949 ὁτὲ
1103 2880 1159 2970 μὲν

147 2996 276 3074 κοῖλον,
300 2987 353 3056 ὁτὲ
381 2986 418 3054 δὲ
440 2991 563 3075 κυρτὸν
585 3002 681 3057 ποιεῖ.

221 3259 244 3307 1.
265 3254 416 3325 συμβαλεῖ]
436 3254 560 3324 συμβαλ”
575 3269 631 3306 una
649 3252 704 3308 litt.
725 3269 794 3308 eras,
809 3253 842 3322 V,
868 3255 1020 3325 συμβαλλεῖ
1036 3254 1161 3310 ἾαόἱΑσ.

183 3325 228 3394 τῇ]
249 3341 264 3378 ο
283 3341 352 3378 corr.
373 3325 406 3393 V,
425 3329 462 3396 τῷ
481 3325 719 3380 Vat.Vat.¹Amv.
792 3325 854 3396 AB]
875 3330 896 3379 Β
916 3342 931 3378 ε
951 3341 1020 3379 corr.
1035 3325 1069 3380 V.
1138 3330 1160 3379 λ.

149 3393 247 3461 μείζων
266 3413 291 3449 v,
350 3401 373 3449 6.
394 3396 442 3466 ὡς]
462 3412 515 3449 om.
530 3414 566 3450 m.
621 3396 866 3468 παραφερόμεναι]
885 3395 1108 3465 περιφερόμεναι
1124 3414 1159 3451 m.

187 3473 209 3520 7.
225 3463 452 3532 παραλλάξουσιν
467 3485 495 3523 ν.
547 3472 572 3522 8.
591 3467 623 3522 τό
634 3469 706 3540 (pr.)]
721 3476 770 3521 τοῦ
785 3485 820 3522 m.
876 3464 1094 3540 ὑπολείπεσθαι]
1112 3464 1163 3522 λεό-

71 3539 256 3712 ἱπεσθαι
273 3554 309 3590 m.
385 3542 427 3591 10.
448 3538 508 3609 γε’]
528 3555 581 3593 om.
596 3557 622 3609 v,
642 3540 691 3604 ξθ’
706 3539 740 3608 V,
760 3539 799 3604 ξζ’
815 3557 850 3595 m.
871 3544 886 3592 2
907 3539 971 3593 Vah.
1042 3545 1085 3594 15.
1106 3535 1196 3607 ΒΔ].
