2424 3944
437 160 608 214 EUCLIDIS
627 163 765 216 OPTIOA.
1087 158 1107 222 ‘I

93 303 203 389 spatio
227 303 351 368 factum
373 326 439 369 non
461 304 528 373 iam
550 304 722 370 uidebitur.
763 306 821 369 fiat
845 306 987 370 enimin
1010 307 1109 371 inter-

92 409 202 475 medio
231 409 337 495 spatio
364 411 510 496 uiarum,
539 411 575 475 in
602 434 666 496 quo
689 411 716 475 k.
762 413 865 497 igitur
888 413 929 476 ad
951 413 971 475 k
997 412 1107 477 nullus

95 518 138 583 ab
165 518 183 582 b
216 517 346 582 uisuum
372 518 505 582 accidet.
562 519 603 581 ad
631 519 717 603 quod
743 540 822 581 uero
849 517 940 583 uisus
967 541 1034 583 non
1060 520 1109 583 in-

94 623 218 710 cidunt,
238 624 321 690 illud
343 645 410 688 non
431 624 603 689 uidebitur.
645 625 897 708 unumquodque
921 647 998 711 ergo
1021 626 1109 690 niso-

93 754 169 797 rum
194 731 295 796 habet
326 730 564 816 longitudinem
594 732 705 818 spatii,
738 753 801 816 quo
833 732 921 796 facto
949 731 1015 796 iam
1041 755 1109 797 non
1144 744 1162 793 5

93 837 268 902 uidebitur.

162 969 358 1055 Aequalium
395 971 576 1056 spatiorum
612 976 645 1036 et
683 995 779 1057 super
815 973 949 1037 eandem
985 977 1108 1036 rectam

92 1077 305 1142 existentium
329 1100 345 1142 e
369 1077 485 1142 maiori
509 1078 615 1162 spatio
638 1077 710 1142 uisa
732 1078 859 1142 minora
882 1083 1047 1162 apparent.

164 1184 230 1248 sint
244 1183 393 1270 aequalia
407 1184 513 1269 spatia
528 1207 624 1269 super
639 1186 773 1249 eandem
787 1190 910 1250 rectam
924 1186 977 1270 ab,
990 1186 1040 1271 by,
1051 1188 1108 1271 φά,

92 1290 308 1375 trahaturque
331 1291 604 1374 perpendicularis
628 1313 683 1377 ae,
706 1292 741 1356 in
764 1292 882 1378 quibus
905 1292 1010 1357 iaeeat
1034 1303 1161 1358 eeu-10

93 1397 149 1461 lus
173 1418 195 1462 e.
241 1397 327 1482 dieo,
355 1398 441 1480 quod
467 1398 572 1462 maior
598 1399 766 1483 apparebit
789 1399 832 1463 ab
856 1399 986 1483 quidem
1009 1421 1107 1483 quam

91 1504 136 1585 by
163 1508 197 1568 et
220 1505 260 1586 by
288 1526 386 1589 quarn
408 1506 462 1587 qd.
509 1505 657 1569 accidant
685 1505 771 1570 enirn
798 1505 881 1569 radii
908 1507 960 1592 eb,
982 1526 1034 1591 ep,
1057 1507 1107 1591 ed,

91 1614 128 1672 et
159 1608 308 1673 trahatur
338 1632 397 1693 per
428 1615 585 1694 punctum
617 1611 635 1673 b
667 1614 773 1675 rectae
802 1632 844 1693 pe
875 1610 1030 1695 parallela
1057 1612 1106 1676 ba.

91 1715 239 1801 aequalis
263 1736 339 1801 ergo
363 1737 405 1782 aa
432 1721 522 1780 reeta
544 1721 651 1780 reatae
674 1737 719 1782 ez.
765 1717 919 1800 quoniam
942 1715 1028 1781 enirn
1051 1718 1108 1781 tri-

92 1821 173 1908 goni
197 1842 260 1903 aeq
288 1821 374 1887 eirea
400 1846 501 1887 unum
523 1822 663 1886 laterum
683 1843 724 1904 pe
752 1823 849 1887 dueta
872 1828 921 1888 est
946 1828 1035 1888 reeta
1057 1824 1106 1907 ba,
1127 1836 1160 1884 15

92 1933 145 1994 est
168 1928 270 2014 igitur
289 1929 375 2013 quod
394 1929 478 1994 sieut
496 1930 538 2011 by
562 1929 602 1993 ad
620 1929 673 2013 ba,
695 1929 743 1992 ita
761 1949 798 1994 ea
817 1929 857 1993 ad
875 1950 925 1995 aa.
962 1931 1106 2015 aequalis

91 2058 173 2122 ergo
206 2055 263 2120 aa,
293 1998 334 2100 ui
362 2035 486 2100 dietum
519 2041 582 2121 est,
613 2056 658 2101 ae.
709 2035 814 2100 maius
841 2059 920 2101 uero
951 2036 1038 2101 latus
1066 2038 1106 2103 ba

92 2165 193 2226 qnam
211 2163 262 2207 aa.
304 2142 449 2226 aequalis
472 2163 550 2206 uero
573 2162 617 2207 aa
633 2162 679 2207 aa
716 2142 820 2206 maior
842 2142 944 2227 igitur
967 2145 1105 2229 angulus

89 2250 152 2315 aab
173 2248 293 2334 angulo
307 2249 374 2313 abe.
407 2249 545 2333 angulus
561 2270 688 2333 quoque
700 2249 760 2314 abe
779 2247 897 2333 angulo
911 2249 973 2331 bap
991 2271 1106 2334 aequa-

166 2411 189 2460 1.
209 2404 251 2476 in]
270 2405 304 2473 L,
323 2422 373 2460 om.
392 2405 430 2460 D.
512 2411 536 2460 4.
556 2406 634 2477 ergo]
654 2407 689 2473 L,
707 2404 795 2474 igitur
812 2406 851 2460 D.
936 2410 960 2459 5.
980 2405 1050 2478 iam]
1069 2408 1105 2475 L,

90 2494 142 2532 ont.
162 2478 201 2531 D.
275 2483 316 2530 16.
337 2476 631 2546 ᾳιιοᾶ]ς]1)(<]ιιθ.9).

90 2638 147 2692 del.
167 2636 203 2692 τά
221 2656 256 2692 m.
277 2643 301 2691 2.
320 2637 354 2692 V.
445 2642 485 2692 15.
515 2635 579 2708 καί]
609 2653 661 2693 om.
681 2656 707 2691 v.
797 2638 866 2709 ΑΕ]
895 2641 921 2691 Ε
942 2637 973 2690 in
996 2655 1050 2694 rae.
1070 2639 1104 2693 V.

130 2714 171 2764 18.
192 2710 253 2780 ΓΔ]
274 2711 330 2763 ΝΔ
347 2727 372 2763 v.
460 2714 501 2763 19.
522 2711 594 2800 ΕΓ]
615 2712 666 2762 ΕΒ
684 2727 710 2763 v.
790 2714 832 2765 20.
851 2710 897 2836 τῇ]
917 2726 932 2763 e
951 2727 1019 2764 corr.
1039 2710 1103 2765 Vat.

129 2781 198 2852 ΓΕ]
219 2783 277 2834 ΕΓ
291 2800 327 2835 m.
417 2786 459 2835 22.
484 2779 570 2851 ἐστιν]
594 2796 647 2835 om.
665 2780 758 2835 BVat.
765 2798 789 2834 v.
895 2779 957 2852 πεί]
982 2797 1049 2835 corr.
1070 2797 1105 2836 ex

90 2876 191 2933 earn.
265 2883 306 2932 ΖΕ.
326 2878 426 2949 ΑΕΓ]
446 2881 574 2932 rnrv.
648 2855 995 3004 trapazeta.
1060 2885 1102 2934 25.

92 2955 144 3004 ΓΒ
177 2948 371 3004 ΒΓΒΕΕΜ.
462 2948 810 3020 BA]ri1vBABat.v.
904 2951 964 3021 ΖΑ]
982 2949 1034 3018 τὴν
1056 2955 1104 3004 ΖΑ

89 3022 217 3075 Batv.
290 3026 332 3074 26.
354 3017 438 3091 ἐστίν]
458 3038 511 3074 om.
526 3021 590 3076 Vat.
663 3021 736 3075 Dein
755 3021 808 3076 del.
828 3029 862 3092 τῇ
884 3024 936 3074 ΖΕ
954 3018 1053 3089 μείζων
1071 3022 1103 3078 Β.

127 3089 178 3172 δέ]
196 3108 263 3146 corr.
280 3108 315 3145 ex
333 3091 370 3159 δή
387 3091 419 3160 V,
440 3088 491 3147 οὖν
509 3091 635 3147 BVat.v.
708 3098 750 3146 27.
770 3101 819 3162 τῆς
833 3093 906 3178 ψῃ]
925 3101 958 3163 τῇ
977 3091 1102 3149 BVat.v.

126 3163 200 3217 Dern
214 3163 277 3217 add.
294 3161 338 3232 ἴση
354 3159 385 3216 δὲ
400 3163 417 3232 ἡ
434 3167 481 3216 ΖΑ
500 3172 533 3234 τῇ
551 3167 602 3218 ΖΕ
620 3163 744 3219 BVat.v.
800 3165 898 3232 μειζων
909 3164 969 3232 (pr.)
986 3195 1018 3202 -
1036 3168 1087 3218 ZE

88 3253 144 3290 om.
164 3234 261 3288 Vatv.
327 3231 425 3303 μείζων
444 3237 505 3304 (pr.)
525 3266 559 3276 -
578 3239 621 3290 28.
640 3234 758 3359 &peplin
776 3252 830 3290 ras.
849 3234 882 3288 V.
947 3239 989 3289 28.
1012 3239 1091 3290 ZEB

89 3310 117 3361 Ε
135 3322 151 3360 e
171 3322 239 3360 corr.
258 3305 290 3375 B,
312 3310 361 3359 ΖΒ
380 3322 406 3359 v,
461 3303 575 3377 γωνίας]
594 3304 683 3376 γωνία
729 3350 734 3360 .
793 3307 854 3377 τῆς]
873 3323 909 3360 m.
929 3312 945 3359 2
965 3322 999 3359 ex
1017 3315 1050 3379 τῇ
1097 3351 1102 3362 .

128 3376 391 3449 ZBE]Einras.
409 3376 443 3432 V.
521 3378 570 3432 καὶ
587 3375 707 3451 mcii
724 3395 760 3447 m,
780 3376 929 3432 etinras.
949 3378 982 3434 V.
1060 3384 1102 3433 29.

91 3450 189 3520 zan]
209 3465 224 3503 e
243 3465 311 3504 eon.
330 3448 405 3518 vat,
432 3452 509 3503 ΖΕΒ
528 3467 554 3503 v.
642 3449 741 3520 aar]
762 3451 852 3502 ΕΕΝ
868 3449 921 3504 Bv.
1011 3452 1102 3521 ΖΕΒ]

89 3524 143 3575 ΕΒ
162 3538 188 3575 v.
