2424 3944
136 158 201 223 214
344 161 554 214 OPTIOORUM
570 160 749 212 REOENSIO
767 159 935 214 Τωεοαιε.

135 303 321 390 ἀφῃρήσθω
344 304 365 388 ἡ
384 309 461 369 ΝΠ
481 309 534 386 ἴση
557 313 596 389 τῇ
616 308 694 386 ΕΖ,
716 302 771 368 καλ
793 303 1055 390 περιγεγράφθω
1076 307 1150 394 περὶ

135 413 196 494 τὴν
215 415 295 475 ΛΜ
312 409 367 475 καὶ
390 412 427 475 τὸ
446 416 485 474 Π
503 419 612 494 τμῆμα
634 411 758 475 κύκλου
779 412 816 475 τὸ
837 414 912 475 ΛΠ
913 416 958 475 Μ
960 431 967 446 ·
992 414 1086 478 ἔσται
1109 415 1150 499 δὴ

134 516 155 600 ἡ
183 519 266 603 πρὸς
291 527 337 605 τςό
360 523 399 581 Π
426 520 531 599 γωνία
558 516 578 599 ἡ
606 517 819 602 περιεχομένη
846 518 911 582 ὑπὸ
940 528 1008 583 τῶν
1034 523 1155 586 ΛΠΜ

136 629 190 706 ἴση
221 634 261 710 τῇ
292 625 375 708 πρὸς
397 633 442 710 τῷ
470 628 502 687 Ε
527 626 646 710 γωνία,
679 624 892 709 περιεχομένη
921 620 957 688 δὲ
989 624 1056 691 ὑπὸ
1083 640 1149 694 τῶν

100 743 116 791 5
134 734 244 794 ΑΕΒ.
282 729 350 794 ἐπεὶ
369 726 430 795 οὖν
450 730 598 795 ἐλάσσων
616 728 636 812 ἡ
655 731 738 815 πρὸς
756 740 801 818 τῷ
821 730 851 803 Ξ
871 739 929 814 της
946 732 1030 816 πρὸς
1048 744 1096 821 τῷ
1113 740 1148 818 0,

135 844 189 920 ἴση
212 833 249 900 δὲ
271 835 292 919 ἡ
315 832 376 920 μὲν
397 838 481 922 πρὸς
503 846 548 924 τῷ
574 841 602 901 0
625 845 664 921 τῇ
687 837 770 922 πρὸς
792 847 838 925 τῷ
862 842 906 920 Ε,
933 839 1148 927 περιεχομένη

134 940 171 1007 δέ
189 943 254 1006 ὑπὸ
273 953 341 1007 τῶν
362 948 434 1025 ΘΕ,
453 947 531 1025 ΕΗ,
554 941 574 1025 ἡ
598 939 635 1006 δὲ
657 944 741 1029 πρὸς
758 953 804 1030 τῷ
824 943 855 1017 Ξ
874 952 913 1030 τῇ
936 945 1021 1030 πρὸς
1044 956 1093 1034 τῷ
1111 952 1148 1030 Ε,

133 1047 346 1134 περιεχομένη
365 1045 402 1112 δὲ
419 1049 484 1114 ὑπὸ
503 1059 571 1113 τῶν
585 1051 694 1132 ΓΕΔ,
714 1048 864 1114 ἐλάσσων
882 1051 946 1135 άρα
963 1054 1147 1136 φανήσεται

134 1153 154 1237 ἡ
178 1156 240 1218 ΓΛ
267 1163 325 1238 τῆς
347 1159 426 1219 ΗΘ.
471 1155 572 1220 πάλιν
600 1153 669 1219 ἐπεὶ
698 1154 846 1220 ἐλάσσων
872 1156 893 1240 ἡ
920 1158 1005 1243 πρὸς
1032 1169 1080 1248 τῷ
1109 1165 1146 1243 Ε,

82 1274 116 1322 10
133 1259 346 1344 περιεχομένη
370 1257 407 1324 δέ
428 1260 493 1325 ὑπὸ
517 1271 584 1325 τῶν
610 1265 717 1325 ΘΕΗ
735 1270 793 1345 τῆς
814 1261 897 1346 πρὸς
919 1271 964 1350 τῷ
989 1268 1033 1348 Ε,
1058 1288 1147 1352 περι-

134 1365 289 1450 εχομένης
315 1363 352 1430 δὲ
378 1366 443 1432 ὑπὸ
467 1379 534 1431 τῶν
558 1372 673 1450 ΑΕΒ,
704 1367 853 1432 ἐλάσσων
876 1369 941 1454 άρα
963 1372 1147 1454 φανήσεται

133 1472 187 1538 καὶ
211 1472 231 1556 η
256 1478 296 1538 Η
299 1479 327 1538 Θ
351 1483 409 1557 της
431 1478 505 1539 AB.

613 1596 671 1676 λζ’.

206 1710 279 1770 Τῶν
302 1705 457 1790 ἁρμάτων
485 1706 520 1769 οἴ
544 1702 657 1791 τροχοὶ
685 1701 739 1770 ὁτὲ
766 1701 827 1789 μὲν
849 1707 1067 1791 κυκλοειδεῖς,
1096 1704 1144 1774 ὁτέ

82 1822 114 1872 16
134 1809 171 1876 δέ
193 1810 457 1897 παρεσπασμένοι
480 1821 675 1896 φανοῦνται.
837 1894 839 1898 Ι

201 1922 282 1983 ἔστω
306 1920 368 2003 γάρ
392 1922 518 2004 τροχός,
542 1914 583 1983 οὗ
606 1918 774 2003 διάμετροι
798 1921 835 1983 αἴ
855 1925 932 2003 ΔΖ,
951 1924 980 1984 Β
988 1924 1023 1985 Γ.
1073 1922 1143 1986 οῦκ-

135 2033 197 2088 οῦν
229 2025 309 2089 ὅταν
340 2019 401 2107 μέν
437 2024 457 2108 η
491 2023 555 2088 άπὸ
587 2033 647 2088 τοῦ
680 2026 824 2108 ὄμματος
860 2028 907 2102 είς
938 2027 975 2090 τὸ
1009 2025 1144 2114 κέντρον

133 2130 277 2193 νεύουσα
305 2130 387 2214 πρὸς
414 2128 520 2214 ὀρθάς
546 2123 568 2214 ᾗ
595 2139 641 2217 τῷ
668 2129 809 2218 ἐπιπέδφ
837 2129 858 2213 ἢ
882 2137 936 2213 ἴση
963 2142 1005 2218 τῇ
1029 2133 1066 2198 ἐκ
1089 2142 1142 2199 τοῦ

133 2234 287 2321 κέντρον,
316 2241 383 2299 ἴσαι
407 2237 443 2299 αἱ
464 2236 633 2322 διάμετροι
656 2246 858 2322 φανοῦνται,
886 2237 930 2313 ὡς
953 2237 990 2304 έν
1013 2250 1060 2326 τῷ
1083 2241 1142 2327 πρὸ

82 2354 116 2402 20
135 2341 237 2406 αὐτοῦ
260 2343 449 2428 θεωρήματι
474 2341 666 2426 ἀπεδείχθη·
691 2345 773 2408 ὥστε
796 2343 813 2408 δ
833 2345 950 2429 τροχὸς
971 2344 989 2410 ὁ
1010 2355 1071 2410 τοῦ
1090 2348 1142 2433 άρ-

134 2473 234 2533 ματος
251 2450 444 2532 κνκλοειδης
462 2453 614 2533 φαίνεται
632 2451 760 2514 τούτων
778 2451 1005 2536 ὑπαρχόντων.
1042 2474 1142 2534 παρα-

134 2555 320 2642 φερομένου
348 2553 384 2620 δέ
412 2565 471 2620 τοῦ
495 2557 639 2641 άρματος
665 2554 719 2620 καὶ
747 2565 805 2640 της
832 2557 895 2622 άπὸ
919 2566 979 2622 τοῦ
1003 2561 1143 2643 ὄμματος

133 2664 295 2746 νευούσης
313 2666 360 2740 είς
377 2664 415 2728 τὸ
429 2662 567 2748 κέντρον
581 2662 713 2740 άκτῖνος
730 2665 811 2747 μητε
824 2665 906 2750 πρὸς
920 2664 1028 2750 ὀρθάς
1045 2667 1143 2749 οὔσης

133 2779 179 2857 τῷ
202 2778 262 2851 τοῦ
284 2778 405 2854 τροχοῦ
430 2768 571 2856 ἐπιπέδφ
594 2772 674 2853 μήτε
702 2776 775 2852 ἴσης
801 2779 840 2856 τῇ
865 2770 900 2835 έκ
923 2779 982 2835 τοῦ
1006 2771 1142 2859 κέντρον

82 2887 116 2935 25
136 2875 239 2940 αὐτοῦ
268 2877 377 2940 άνισοι
407 2877 444 2940 αί
469 2876 637 2961 διάμετροι
665 2884 852 2960 φανοῦνται
878 2876 1001 2960 ὁμοίως
1031 2879 1141 2943 διὰτὸ

134 2982 198 3067 πρὸ
222 2981 325 3046 αὐτοῦ
349 2981 495 3065 δειχθέν·
524 2983 607 3046 ὥστε
629 2982 898 3068 παρεσπασμένος
925 2981 967 3048 άν
991 2989 1141 3070 φαίνοιτο

135 3087 152 3154 ὁ
175 3091 300 3172 τροχός.

134 3193 230 3282 *a
249 3228 267 3298 ἡ
283 3229 356 3300 (pr.)]
376 3245 459 3298 supra
479 3246 529 3284 scr.
544 3245 580 3281 m.
596 3233 611 3280 2
626 3227 659 3282 V.
732 3227 749 3297 ἡ
766 3227 805 3296 (al
820 3228 848 3299 .)]
868 3227 979 3296 addidi;
1000 3246 1054 3284 om.
1065 3229 1140 3298 va.

171 3304 194 3353 8.
215 3300 382 3372 φανήσεται]
402 3300 529 3368 -νήσεται
546 3299 576 3352 in
594 3316 647 3353 ras.
667 3317 703 3353 m.
724 3304 738 3351 1
758 3299 791 3353 V.
880 3304 920 3352 11.
944 3300 1038 3371 ΑΕΒ]
1063 3303 1141 3354 ΑΕΒ

134 3386 177 3438 pv
196 3373 227 3440 (A
247 3371 435 3425 deformatum
454 3370 602 3440 estinV).
675 3375 717 3423 13.
736 3370 790 3441 λζ’]
809 3371 860 3439 μα’
875 3371 931 3440 Vv‚
953 3371 1001 3441 μβ’
1017 3390 1044 3441 p.
1103 3376 1140 3423 15.

134 3439 346 3511 παρεσπαμένοι
363 3444 396 3497 V.
464 3449 504 3496 16.
525 3440 632 3512 διάμε]
651 3440 682 3493 in
699 3458 753 3495 ras.
769 3459 804 3495 m.
822 3447 836 3494 1
856 3441 889 3496 V.
964 3447 1006 3496 18.
1026 3435 1056 3515 ᾗ]
1077 3457 1139 3495 corr.

72 3511 215 3712 Kal
232 3530 268 3567 m.
289 3519 303 3566 1
323 3531 349 3568 v.
421 3515 466 3586 τῇ]
487 3531 554 3568 corr.
575 3530 609 3566 ex
626 3521 675 3567 τοῦ
694 3513 727 3567 V.
