2424 3944
148 156 210 220 112
486 158 658 210 Encmms
678 157 817 209 OPTIOA.

619 360 684 418 νγ.

217 465 284 526 Τοῦ
304 463 447 545 ὄμματος
465 463 578 543 ἔγγιον
596 468 655 524 τοῦ
675 457 845 545 ὁρωμένου
860 462 1059 545 προσιόντος
1074 456 1165 537 δόξει

146 568 183 633 τὸ
208 566 379 652 ὀρόμενον
402 565 577 651 ηὐξῆσθαι.

212 674 349 760 ὁράσθω
368 674 431 759 γάρ
450 674 488 738 τὸ
506 677 573 738 ΒΓ
591 681 651 737 τοῦ
670 675 815 757 ὄμματος
833 671 885 738 ἐπὶ
904 675 940 738 τὸ
962 679 989 738 Ζ
1007 673 1164 759 κειμένου

67 790 75 803 ‘
111 782 210 846 σὺπὸ
242 790 310 844 τῶν
344 784 421 864 ΖΒ,
453 784 518 845 ΖΓ
546 779 699 863 ἀκτίνων,

145 884 201 951 καὶ
214 890 418 970 μετακείσθω
433 888 470 951 τὸ
485 884 574 970 ὄμμα
588 889 700 969 ἔγγιον
745 870 784 935 -B

145 1001 205 1057 τοῦ
225 996 293 1057 ΒΓ
310 990 365 1056 καί
389 996 471 1058 ἔστω
495 991 549 1058 ἐπὶ
574 1002 633 1058 τοῦ
656 999 699 1077 Δ,

145 1097 200 1164 καὶ
224 1100 360 1186 ὁράσθω
383 1101 421 1164 τὸ
444 1100 525 1165 αὐτὸ
547 1099 613 1165 ὑπὸ
632 1112 700 1165 τῶν
889 945 1008 1206 u

146 1212 179 1270 Δ
186 1210 229 1290 Β,
260 1213 295 1270 Δ
303 1210 336 1271 Γ
366 1206 519 1272 ἀκτίνων.
575 1207 699 1272 οὐκοῦν

94 1323 128 1372 10
146 1316 265 1398 μείζων
285 1312 305 1396 ἡ
325 1319 358 1377 Δ
380 1317 485 1396 γωνία
508 1322 566 1397 τῆς
585 1318 612 1377 Ζ
636 1337 699 1395 γω-
937 1292 965 1358 Ζ

146 1423 233 1497 νίας·
257 1420 297 1485 τδι
321 1417 358 1484 δὲ
379 1419 445 1485 ὑπὸ
469 1423 616 1503 μείζονος
635 1443 699 1502 γω-

146 1530 220 1604 νίας
243 1526 395 1612 ὁρώμενα
422 1530 553 1611 μείζονα
581 1530 743 1611 φαίνεται.
794 1526 881 1605 δόξει
909 1528 972 1612 ἀρα
995 1525 1162 1611 ηὐξῆσθαι

146 1635 183 1699 τὸ
203 1638 270 1699 ΒΓ
288 1643 348 1698 τοῦ
372 1636 517 1718 ὄμματος
535 1631 588 1698 ἐπὶ
607 1642 666 1698 τοῦ
686 1640 719 1698 Δ
743 1635 839 1709 ὄντος
861 1634 943 1719 ἤπερ
967 1631 1020 1697 ἐπὶ
1043 1642 1105 1698 τοῦ
1125 1639 1161 1699 Ζ.

622 1827 688 1893 νδ’.

94 1963 127 2011 15
218 1956 292 2016 Τῶν
321 1957 381 2039 ίσῳ
409 1951 500 2036 τάχει
527 1949 721 2038 φερομένων
748 1952 788 2015 τά
816 1953 929 2037 πόρρω
959 1953 1052 2016 δοκεῖ
1081 1957 1160 2039 βρα-

146 2060 286 2143 δύτερον
309 2056 482 2144 φέρεσθαι.

212 2163 367 2250 φερέσθω
391 2164 453 2251 γάρ
483 2166 642 2248 ἰσοταχῶς
668 2165 708 2229 τά
731 2168 775 2247 Β,
794 2167 840 2248 K,
868 2161 923 2228 καὶ
951 2163 1015 2229 ἀπὸ
1044 2175 1106 2231 τοῦ
1129 2172 1160 2231 Α

32 2298 37 2313 ¹
146 2273 290 2355 ὄμματος
313 2269 442 2347 ἀκτῖνες
468 2272 628 2355 ἤχθωσαν
656 2272 694 2335 αί
714 2277 747 2335 Α
754 2275 790 2354 Γ,
814 2275 889 2355 ΑΔ,
913 2276 988 2336 ΑΖ.
1035 2273 1160 2339 οὐκοῦν

146 2377 182 2441 τὸ
215 2380 243 2440 Β
280 2380 429 2461 μείζονας
464 2381 529 2462 ἔχει
561 2379 619 2453 τὰς
655 2376 719 2443 ἀπὸ
756 2386 815 2442 τοῦ
849 2380 993 2462 ὄμματος
1025 2379 1160 2457 ἀκτῖνας

93 2493 127 2542 20
146 2481 289 2567 ἠγμένας
312 2485 393 2570 ἤπερ
416 2485 454 2549 τὸ
473 2488 513 2548 K.
551 2487 660 2568 μεῖζον
683 2486 747 2571 ἀρα
771 2484 933 2570 διάστημα
957 2486 1160 2552 διελεύσεται

145 2588 200 2654 καὶ
222 2590 363 2675 ὕστερον
385 2590 620 2676 παραλλάσσον
642 2593 704 2676 τὴν
727 2597 759 2656 Α
765 2597 792 2656 Ζ
816 2594 896 2671 ὄψιν
924 2591 1012 2670 δόξει
1034 2595 1159 2681 βραδύ-

145 2719 242 2782 τερον
265 2695 437 2782 φέρεσθαι.

569 2820 723 2899 ’Ἁλλως

214 2943 374 3030 Φερέσθω
397 2946 460 3032 γάρ
481 2947 543 3011 δύο
562 2958 680 3031 σημεῖα
698 2947 738 3011 τὰ
756 2952 841 3031 Α,Β
866 2947 919 3014 έπλ
937 2952 1160 3036 παραλλήλων

93 3060 127 3109 25
145 3051 298 3137 εὐθειῶν,
322 3055 410 3137 ὄμμα
433 3050 470 3118 δὲ
493 3056 575 3119 ἔστω
599 3056 636 3119 τὸ
657 3059 695 3138 Ζ,
718 3052 778 3139 ἀφ’
799 3051 840 3121 οὗ
863 3055 1159 3141 προσπιπτέτωσαν

146 3156 275 3235 ἀκτῖνες
302 3161 338 3225 αί
360 3165 434 3244 ΖΑ,
460 3164 536 3244 ΖΒ,
562 3165 637 3244 ΖΕ,
663 3166 737 3225 ΖΛ.
783 3159 878 3247 λέγω,
907 3162 958 3227 ὄτι
982 3165 1020 3229 τὸ
1043 3167 1157 3252 πόρρω

146 3264 183 3327 τὸ
211 3270 243 3328 Α
275 3267 368 3331 δοκεῖ
392 3268 599 3354 βραδύτερον
626 3265 789 3352 φέρεσθαι
816 3277 877 3333 τοῦ
906 3272 943 3332 Β.
997 3268 1068 3335 ἐπεὶ
1095 3271 1158 3358 γάρ

218 3443 241 3492 1.
261 3441 320 3513 νγ’]
340 3458 392 3496 om.
411 3460 437 3510 v,
457 3441 502 3507 ξδ’
517 3442 551 3511 V,
570 3441 615 3513 ξδ’
630 3460 666 3496 m.
687 3448 703 3496 2
721 3441 786 3496 Vass.
865 3449 889 3497 2.
910 3442 1014 3515 ἔγγιον]
1034 3461 1105 3500 corr.
1125 3462 1158 3501 ex

147 3506 254 3577 έγγειον
272 3511 306 3579 V,
325 3515 357 3566 ut
370 3511 418 3566 lin.
435 3518 459 3566 6.
541 3519 565 3566 4.
586 3512 710 3581 δρᾶσθαι
728 3531 753 3568 v,
828 3519 851 3568 7.
871 3523 920 3569 τοῦ
935 3514 1018 3588 (alt.)]
1038 3533 1109 3574 corr.
1126 3534 1158 3573 ex

71 3584 204 3688 Ἄ
