<?xml version="1.0" encoding="UTF-8"?>
<!DOCTYPE html PUBLIC "-//W3C//DTD XHTML 1.0 Transitional//EN"
    "http://www.w3.org/TR/xhtml1/DTD/xhtml1-transitional.dtd">
<html xmlns="http://www.w3.org/1999/xhtml" xml:lang="en" lang="en">
 <head>
  <title>
</title>
<meta http-equiv="Content-Type" content="text/html;charset=utf-8" />
  <meta name='ocr-system' content='tesseract 3.04.00' />
  <meta name='ocr-capabilities' content='ocr_page ocr_carea ocr_par ocr_line ocrx_word'/>
</head>
<body>
  <div class='ocr_page' id='page_1' title='image "./euclidisoperaom01unkngoog_0329.png"; bbox 0 0 2424 3944; ppageno 0'>
   <div class='ocr_carea' id='block_1_1' title="bbox 142 168 721 232">
    <p class='ocr_par' dir='ltr' id='par_1_1' title="bbox 142 168 721 232">
     <span class='ocr_line' id='line_1_1' title="bbox 142 168 721 232; baseline 0.005 -17"><span class='ocrx_word' id='word_1_1' title='bbox 142 168 207 232; x_wconf 67' lang='grc' dir='ltr'><em>ρης</em></span> <span class='ocrx_word' id='word_1_2' title='bbox 565 168 721 219; x_wconf 74' lang='grc' dir='ltr'><em>εοΗοιιε</em></span> 
     </span>
    </p>
   </div>
   <div class='ocr_carea' id='block_1_2' title="bbox 85 308 1159 2952">
    <p class='ocr_par' dir='ltr' id='par_1_2' title="bbox 85 308 1159 2952">
     <span class='ocr_line' id='line_1_2' title="bbox 141 308 1157 397; baseline -0.002 -19"><span class='ocrx_word' id='word_1_3' title='bbox 141 320 260 378; x_wconf 87' lang='grc' dir='ltr'><em>νεσθαι</em></span> <span class='ocrx_word' id='word_1_4' title='bbox 283 311 339 378; x_wconf 82' lang='grc' dir='ltr'><em>καὶ</em></span> <span class='ocrx_word' id='word_1_5' title='bbox 361 315 492 397; x_wconf 81' lang='grc' dir='ltr'><em>μείζονα</em></span> <span class='ocrx_word' id='word_1_6' title='bbox 515 313 576 394; x_wconf 77' lang='grc' dir='ltr'><em>τὴν</em></span> <span class='ocrx_word' id='word_1_7' title='bbox 598 308 796 396; x_wconf 78' lang='grc' dir='ltr'><em>πορρωτέρω</em></span> <span class='ocrx_word' id='word_1_8' title='bbox 820 309 959 376; x_wconf 78' lang='grc' dir='ltr'><em>εὐθεῖαν</em></span> <span class='ocrx_word' id='word_1_9' title='bbox 980 313 1073 397; x_wconf 82' lang='grc' dir='ltr'><em>παρὰ</em></span> <span class='ocrx_word' id='word_1_10' title='bbox 1095 313 1157 396; x_wconf 82' lang='grc' dir='ltr'><em>την</em></span> 
     </span>
     <span class='ocr_line' id='line_1_3' title="bbox 142 417 1156 505; baseline -0.003 -19"><span class='ocrx_word' id='word_1_11' title='bbox 142 419 272 505; x_wconf 79' lang='grc' dir='ltr'><em>ἑφεξῆς,</em></span> <span class='ocrx_word' id='word_1_12' title='bbox 304 421 420 485; x_wconf 82' lang='grc' dir='ltr'><em>εὐθεῖα</em></span> <span class='ocrx_word' id='word_1_13' title='bbox 443 419 499 482; x_wconf 77' lang='grc' dir='ltr'><em>διὰ</em></span> <span class='ocrx_word' id='word_1_14' title='bbox 526 427 624 482; x_wconf 87' lang='grc' dir='ltr'><em>τοῦτο</em></span> <span class='ocrx_word' id='word_1_15' title='bbox 652 417 673 501; x_wconf 76' lang='grc' dir='ltr'><em>ἡ</em></span> <span class='ocrx_word' id='word_1_16' title='bbox 701 420 803 481; x_wconf 90' lang='grc' dir='ltr'><em>ΒΖΓ</em></span> <span class='ocrx_word' id='word_1_17' title='bbox 830 417 1030 502; x_wconf 77' lang='grc' dir='ltr'><em>φαντάζεται</em></span> <span class='ocrx_word' id='word_1_18' title='bbox 1062 439 1156 504; x_wconf 87' lang='grc' dir='ltr'><em>περι-</em></span> 
     </span>
     <span class='ocr_line' id='line_1_4' title="bbox 143 526 266 613; baseline 0 -22"><span class='ocrx_word' id='word_1_19' title='bbox 143 526 266 613; x_wconf 90' lang='grc' dir='ltr'><em>φέρεια.</em></span> 
     </span>
     <span class='ocr_line' id='line_1_5' title="bbox 208 628 1157 714; baseline -0.003 -17"><span class='ocrx_word' id='word_1_20' title='bbox 208 634 353 697; x_wconf 78' lang='grc' dir='ltr'><em>δυνατὸν</em></span> <span class='ocrx_word' id='word_1_21' title='bbox 380 628 417 696; x_wconf 68' lang='grc' dir='ltr'><em>δέ</em></span> <span class='ocrx_word' id='word_1_22' title='bbox 445 639 543 696; x_wconf 85' lang='grc' dir='ltr'><em>τοῦτο</em></span> <span class='ocrx_word' id='word_1_23' title='bbox 571 632 768 695; x_wconf 72' lang='grc' dir='ltr'><strong><em>δείκνυσθαι</em></strong></span> <span class='ocrx_word' id='word_1_24' title='bbox 795 628 851 694; x_wconf 81' lang='grc' dir='ltr'><em>καὶ</em></span> <span class='ocrx_word' id='word_1_25' title='bbox 878 628 932 695; x_wconf 79' lang='grc' dir='ltr'><em>ἐπὶ</em></span> <span class='ocrx_word' id='word_1_26' title='bbox 960 639 1019 714; x_wconf 81' lang='grc' dir='ltr'><em>της</em></span> <span class='ocrx_word' id='word_1_27' title='bbox 1041 633 1157 714; x_wconf 90' lang='grc' dir='ltr'><em>κοίλης</em></span> 
     </span>
     <span class='ocr_line' id='line_1_6' title="bbox 106 735 1156 825; baseline -0.002 -22"><span class='ocrx_word' id='word_1_28' title='bbox 106 743 358 825; x_wconf 84' lang='grc' dir='ltr'><em>5περιφερείας.</em></span> <span class='ocrx_word' id='word_1_29' title='bbox 414 740 445 802; x_wconf 87' lang='grc' dir='ltr'><em>εί</em></span> <span class='ocrx_word' id='word_1_30' title='bbox 470 739 533 823; x_wconf 81' lang='grc' dir='ltr'><em>γὰρ</em></span> <span class='ocrx_word' id='word_1_31' title='bbox 566 738 602 801; x_wconf 88' lang='grc' dir='ltr'><em>τὸ</em></span> <span class='ocrx_word' id='word_1_32' title='bbox 630 741 666 801; x_wconf 87' lang='grc' dir='ltr'><strong><em>Κ</em></strong></span> <span class='ocrx_word' id='word_1_33' title='bbox 694 735 873 819; x_wconf 84' lang='grc' dir='ltr'><em>ὑποτεθείη</em></span> <span class='ocrx_word' id='word_1_34' title='bbox 905 737 943 800; x_wconf 89' lang='grc' dir='ltr'><em>τὸ</em></span> <span class='ocrx_word' id='word_1_35' title='bbox 977 735 1067 821; x_wconf 76' lang='grc' dir='ltr'><em>ὄμμα</em></span> <span class='ocrx_word' id='word_1_36' title='bbox 1101 735 1156 801; x_wconf 85' lang='grc' dir='ltr'><em>καὶ</em></span> 
     </span>
     <span class='ocr_line' id='line_1_7' title="bbox 141 843 1153 930; baseline -0.001 -21"><span class='ocrx_word' id='word_1_37' title='bbox 141 856 276 928; x_wconf 84' lang='grc' dir='ltr'><em>σημείου</em></span> <span class='ocrx_word' id='word_1_38' title='bbox 295 846 396 927; x_wconf 85' lang='grc' dir='ltr'><em>τυχὸν</em></span> <span class='ocrx_word' id='word_1_39' title='bbox 414 846 451 909; x_wconf 87' lang='grc' dir='ltr'><em>τὸ</em></span> <span class='ocrx_word' id='word_1_40' title='bbox 466 850 498 909; x_wconf 91' lang='grc' dir='ltr'><em>Α</em></span> <span class='ocrx_word' id='word_1_41' title='bbox 517 843 609 920; x_wconf 78' lang='grc' dir='ltr'><em>ἐκτὸς</em></span> <span class='ocrx_word' id='word_1_42' title='bbox 630 851 689 926; x_wconf 80' lang='grc' dir='ltr'><em>τῆς</em></span> <span class='ocrx_word' id='word_1_43' title='bbox 706 851 766 908; x_wconf 87' lang='grc' dir='ltr'><em>τοῦ</em></span> <span class='ocrx_word' id='word_1_44' title='bbox 784 844 909 907; x_wconf 82' lang='grc' dir='ltr'><strong><em>κύκλου</em></strong></span> <span class='ocrx_word' id='word_1_45' title='bbox 927 847 1153 930; x_wconf 81' lang='grc' dir='ltr'><em>περιφερείας,</em></span> 
     </span>
     <span class='ocr_line' id='line_1_8' title="bbox 141 947 1154 1036; baseline 0 -21"><span class='ocrx_word' id='word_1_46' title='bbox 141 947 210 1015; x_wconf 81' lang='grc' dir='ltr'><em>εἷτα</em></span> <span class='ocrx_word' id='word_1_47' title='bbox 242 950 306 1014; x_wconf 89' lang='grc' dir='ltr'><em>ίιπὸ</em></span> <span class='ocrx_word' id='word_1_48' title='bbox 337 960 396 1015; x_wconf 87' lang='grc' dir='ltr'><em>τοῦ</em></span> <span class='ocrx_word' id='word_1_49' title='bbox 424 957 456 1015; x_wconf 89' lang='grc' dir='ltr'><em>Α</em></span> <span class='ocrx_word' id='word_1_50' title='bbox 487 951 570 1036; x_wconf 84' lang='grc' dir='ltr'><em>πρὸς</em></span> <span class='ocrx_word' id='word_1_51' title='bbox 601 951 663 1033; x_wconf 80' lang='grc' dir='ltr'><em>τὴν</em></span> <span class='ocrx_word' id='word_1_52' title='bbox 689 950 815 1035; x_wconf 79' lang='grc' dir='ltr'><em>κυρτὴν</em></span> <span class='ocrx_word' id='word_1_53' title='bbox 845 948 1061 1036; x_wconf 88' lang='grc' dir='ltr'><em>περιφέρειαν</em></span> <span class='ocrx_word' id='word_1_54' title='bbox 1094 959 1154 1015; x_wconf 84' lang='grc' dir='ltr'><em>τοῦ</em></span> 
     </span>
     <span class='ocr_line' id='line_1_9' title="bbox 140 1058 1159 1140; baseline 0.001 -19"><span class='ocrx_word' id='word_1_55' title='bbox 140 1059 264 1121; x_wconf 79' lang='grc' dir='ltr'><strong><em>κύκλου</em></strong></span> <span class='ocrx_word' id='word_1_56' title='bbox 288 1058 417 1121; x_wconf 81' lang='grc' dir='ltr'><em>εὐθεῖαι</em></span> <span class='ocrx_word' id='word_1_57' title='bbox 441 1058 478 1122; x_wconf 87' lang='grc' dir='ltr'><em>αί</em></span> <span class='ocrx_word' id='word_1_58' title='bbox 499 1061 580 1139; x_wconf 89' lang='grc' dir='ltr'><em>ΑΒ,</em></span> <span class='ocrx_word' id='word_1_59' title='bbox 598 1062 674 1139; x_wconf 83' lang='grc' dir='ltr'><em>ΑΔ,</em></span> <span class='ocrx_word' id='word_1_60' title='bbox 694 1061 774 1140; x_wconf 88' lang='grc' dir='ltr'><em>ΑΕ,</em></span> <span class='ocrx_word' id='word_1_61' title='bbox 793 1060 869 1140; x_wconf 88' lang='grc' dir='ltr'><em>ΑΖ,</em></span> <span class='ocrx_word' id='word_1_62' title='bbox 888 1061 970 1139; x_wconf 88' lang='grc' dir='ltr'><em>ΑΗ,</em></span> <span class='ocrx_word' id='word_1_63' title='bbox 989 1063 1023 1120; x_wconf 86' lang='grc' dir='ltr'><em>Α</em></span> <span class='ocrx_word' id='word_1_64' title='bbox 1031 1062 1070 1139; x_wconf 83' lang='grc' dir='ltr'><em>Θ,</em></span> <span class='ocrx_word' id='word_1_65' title='bbox 1090 1060 1159 1122; x_wconf 88' lang='grc' dir='ltr'><em>ΑΓ</em></span> 
     </span>
     <span class='ocr_line' id='line_1_10' title="bbox 140 1161 1154 1247; baseline 0.001 -21"><span class='ocrx_word' id='word_1_66' title='bbox 140 1161 195 1227; x_wconf 85' lang='grc' dir='ltr'><em>καὶ</em></span> <span class='ocrx_word' id='word_1_67' title='bbox 219 1163 347 1239; x_wconf 78' lang='grc' dir='ltr'><em>ἀκτῖνες</em></span> <span class='ocrx_word' id='word_1_68' title='bbox 375 1163 438 1227; x_wconf 84' lang='grc' dir='ltr'><em>ἀπὸ</em></span> <span class='ocrx_word' id='word_1_69' title='bbox 461 1172 521 1227; x_wconf 86' lang='grc' dir='ltr'><em>τοῦ</em></span> <span class='ocrx_word' id='word_1_70' title='bbox 544 1168 578 1227; x_wconf 87' lang='lat' dir='ltr'><em>K</em></span> <span class='ocrx_word' id='word_1_71' title='bbox 604 1161 748 1247; x_wconf 78' lang='grc' dir='ltr'><em>ὄμματος</em></span> <span class='ocrx_word' id='word_1_72' title='bbox 776 1161 828 1228; x_wconf 81' lang='grc' dir='ltr'><em>έπί</em></span> <span class='ocrx_word' id='word_1_73' title='bbox 856 1164 896 1227; x_wconf 84' lang='grc' dir='ltr'><em>τὰ</em></span> <span class='ocrx_word' id='word_1_74' title='bbox 919 1167 963 1247; x_wconf 93' lang='grc' dir='ltr'><em>Β,</em></span> <span class='ocrx_word' id='word_1_75' title='bbox 983 1168 1031 1247; x_wconf 87' lang='grc' dir='ltr'><em>Λ,</em></span> <span class='ocrx_word' id='word_1_76' title='bbox 1049 1168 1097 1247; x_wconf 86' lang='grc' dir='ltr'><em>Ε,</em></span> <span class='ocrx_word' id='word_1_77' title='bbox 1118 1168 1154 1247; x_wconf 87' lang='grc' dir='ltr'><em>Ζ,</em></span> 
     </span>
     <span class='ocr_line' id='line_1_11' title="bbox 90 1264 1155 1356; baseline 0.001 -23"><span class='ocrx_word' id='word_1_78' title='bbox 90 1286 122 1336; x_wconf 86' lang='grc'><em>10</em></span> <span class='ocrx_word' id='word_1_79' title='bbox 141 1273 190 1351; x_wconf 87' lang='grc' dir='ltr'><em>Η,</em></span> <span class='ocrx_word' id='word_1_80' title='bbox 216 1274 259 1352; x_wconf 82' lang='grc' dir='ltr'><em>Θ,</em></span> <span class='ocrx_word' id='word_1_81' title='bbox 284 1274 316 1334; x_wconf 90' lang='grc' dir='ltr'>Γ</span> <span class='ocrx_word' id='word_1_82' title='bbox 342 1282 473 1353; x_wconf 80' lang='grc' dir='ltr'><em>σημεῖα,</em></span> <span class='ocrx_word' id='word_1_83' title='bbox 505 1281 572 1334; x_wconf 84' lang='grc' dir='ltr'><em>τῶν</em></span> <span class='ocrx_word' id='word_1_84' title='bbox 604 1271 687 1354; x_wconf 92' lang='grc' dir='ltr'><em>πρὸς</em></span> <span class='ocrx_word' id='word_1_85' title='bbox 719 1271 780 1353; x_wconf 81' lang='grc' dir='ltr'><em>την</em></span> <span class='ocrx_word' id='word_1_86' title='bbox 808 1271 934 1355; x_wconf 79' lang='grc' dir='ltr'><em>κυρτὴν</em></span> <span class='ocrx_word' id='word_1_87' title='bbox 967 1264 1030 1335; x_wconf 85' lang='grc' dir='ltr'><em>οὖν</em></span> <span class='ocrx_word' id='word_1_88' title='bbox 1062 1291 1155 1356; x_wconf 88' lang='grc' dir='ltr'><em>περι-</em></span> 
     </span>
     <span class='ocr_line' id='line_1_12' title="bbox 140 1374 1155 1463; baseline 0.001 -23"><span class='ocrx_word' id='word_1_89' title='bbox 140 1375 277 1462; x_wconf 88' lang='grc' dir='ltr'><em>φέρειαυ</em></span> <span class='ocrx_word' id='word_1_90' title='bbox 307 1387 587 1463; x_wconf 80' lang='grc' dir='ltr'><em>προσπιπτουσῶν</em></span> <span class='ocrx_word' id='word_1_91' title='bbox 619 1376 762 1441; x_wconf 84' lang='grc' dir='ltr'><em>εὐθειῶν</em></span> <span class='ocrx_word' id='word_1_92' title='bbox 794 1375 946 1460; x_wconf 75' lang='grc' dir='ltr'><em>ἐλαχίστη</em></span> <span class='ocrx_word' id='word_1_93' title='bbox 982 1374 1039 1440; x_wconf 86' lang='grc' dir='ltr'><em>καὶ</em></span> <span class='ocrx_word' id='word_1_94' title='bbox 1071 1378 1155 1441; x_wconf 83' lang='grc' dir='ltr'><em>κατὰ</em></span> 
     </span>
     <span class='ocr_line' id='line_1_13' title="bbox 141 1480 1155 1567; baseline 0.001 -20"><span class='ocrx_word' id='word_1_95' title='bbox 141 1487 327 1566; x_wconf 83' lang='grc' dir='ltr'><em>φαντασίαν</em></span> <span class='ocrx_word' id='word_1_96' title='bbox 359 1484 404 1559; x_wconf 80' lang='grc' dir='ltr'><em>ὡς</em></span> <span class='ocrx_word' id='word_1_97' title='bbox 434 1482 489 1547; x_wconf 82' lang='grc' dir='ltr'><em>καὶ</em></span> <span class='ocrx_word' id='word_1_98' title='bbox 521 1483 603 1547; x_wconf 79' lang='grc' dir='ltr'><em>κατὰ</em></span> <span class='ocrx_word' id='word_1_99' title='bbox 635 1481 797 1566; x_wconf 84' lang='grc' dir='ltr'><em>ἀλήθειαν</em></span> <span class='ocrx_word' id='word_1_100' title='bbox 829 1482 849 1566; x_wconf 77' lang='grc' dir='ltr'><em>η</em></span> <span class='ocrx_word' id='word_1_101' title='bbox 877 1480 997 1567; x_wconf 86' lang='grc' dir='ltr'><em>μεταξὺ</em></span> <span class='ocrx_word' id='word_1_102' title='bbox 1030 1491 1093 1547; x_wconf 86' lang='grc' dir='ltr'><em>τοῦ</em></span> <span class='ocrx_word' id='word_1_103' title='bbox 1121 1507 1155 1548; x_wconf 89' lang='grc' dir='ltr'><em>τε</em></span> 
     </span>
     <span class='ocr_line' id='line_1_14' title="bbox 140 1585 1154 1675; baseline 0.002 -22"><span class='ocrx_word' id='word_1_104' title='bbox 140 1593 277 1673; x_wconf 85' lang='grc' dir='ltr'><em>σημείου</em></span> <span class='ocrx_word' id='word_1_105' title='bbox 300 1588 355 1654; x_wconf 80' lang='grc' dir='ltr'><em>καί</em></span> <span class='ocrx_word' id='word_1_106' title='bbox 378 1600 436 1674; x_wconf 79' lang='grc' dir='ltr'><em>τῆς</em></span> <span class='ocrx_word' id='word_1_107' title='bbox 458 1588 635 1675; x_wconf 74' lang='grc' dir='ltr'><em>διαμέτρου</em></span> <span class='ocrx_word' id='word_1_108' title='bbox 660 1586 872 1675; x_wconf 80' lang='grc' dir='ltr'><em>ὁραθησεται,</em></span> <span class='ocrx_word' id='word_1_109' title='bbox 894 1601 962 1654; x_wconf 84' lang='grc' dir='ltr'><em>τῶν</em></span> <span class='ocrx_word' id='word_1_110' title='bbox 985 1585 1027 1653; x_wconf 70' lang='grc' dir='ltr'><em>δέ</em></span> <span class='ocrx_word' id='word_1_111' title='bbox 1042 1591 1154 1655; x_wconf 79' lang='grc' dir='ltr'><em>ἄλλων</em></span> 
     </span>
     <span class='ocr_line' id='line_1_15' title="bbox 140 1693 1154 1782; baseline 0.003 -24"><span class='ocrx_word' id='word_1_112' title='bbox 140 1693 190 1759; x_wconf 83' lang='grc' dir='ltr'><em>ἀεὶ</em></span> <span class='ocrx_word' id='word_1_113' title='bbox 222 1696 242 1780; x_wconf 78' lang='grc' dir='ltr'><em>η</em></span> <span class='ocrx_word' id='word_1_114' title='bbox 275 1699 386 1779; x_wconf 81' lang='grc' dir='ltr'><em>ἔγγιον</em></span> <span class='ocrx_word' id='word_1_115' title='bbox 417 1706 475 1778; x_wconf 79' lang='grc' dir='ltr'><em>τῆς</em></span> <span class='ocrx_word' id='word_1_116' title='bbox 508 1696 678 1779; x_wconf 75' lang='grc' dir='ltr'><em>ἐλαχίστης</em></span> <span class='ocrx_word' id='word_1_117' title='bbox 714 1704 772 1779; x_wconf 79' lang='grc' dir='ltr'><em>τῆς</em></span> <span class='ocrx_word' id='word_1_118' title='bbox 804 1695 974 1782; x_wconf 85' lang='grc' dir='ltr'><em>ἀπώτερον</em></span> <span class='ocrx_word' id='word_1_119' title='bbox 1008 1694 1154 1761; x_wconf 78' lang='grc' dir='ltr'><em>ἐλάττων</em></span> 
     </span>
     <span class='ocr_line' id='line_1_16' title="bbox 88 1799 1159 1887; baseline 0.003 -23"><span class='ocrx_word' id='word_1_120' title='bbox 88 1818 120 1865; x_wconf 81' lang='lat'><em>15</em></span> <span class='ocrx_word' id='word_1_121' title='bbox 140 1799 271 1887; x_wconf 85' lang='grc' dir='ltr'><em>ὁρᾶται,</em></span> <span class='ocrx_word' id='word_1_122' title='bbox 304 1802 321 1867; x_wconf 88' lang='grc' dir='ltr'><strong>ὃ</strong></span> <span class='ocrx_word' id='word_1_123' title='bbox 350 1805 390 1887; x_wconf 78' lang='grc' dir='ltr'><em>δη</em></span> <span class='ocrx_word' id='word_1_124' title='bbox 420 1806 605 1886; x_wconf 84' lang='grc' dir='ltr'><em>συμβαῖνον</em></span> <span class='ocrx_word' id='word_1_125' title='bbox 633 1799 764 1887; x_wconf 85' lang='grc' dir='ltr'><em>ὁρᾶται,</em></span> <span class='ocrx_word' id='word_1_126' title='bbox 795 1800 851 1866; x_wconf 81' lang='grc' dir='ltr'><em>καὶ</em></span> <span class='ocrx_word' id='word_1_127' title='bbox 882 1808 973 1887; x_wconf 87' lang='grc' dir='ltr'><em>είπερ</em></span> <span class='ocrx_word' id='word_1_128' title='bbox 1006 1801 1026 1884; x_wconf 84' lang='grc' dir='ltr'><em>ἡ</em></span> <span class='ocrx_word' id='word_1_129' title='bbox 1055 1806 1159 1867; x_wconf 91' lang='grc' dir='ltr'><em>ΒΖΓ</em></span> 
     </span>
     <span class='ocr_line' id='line_1_17' title="bbox 139 1905 1153 1995; baseline 0 -23"><span class='ocrx_word' id='word_1_130' title='bbox 139 1908 331 1995; x_wconf 82' lang='grc' dir='ltr'><em>περιφέρεια</em></span> <span class='ocrx_word' id='word_1_131' title='bbox 358 1910 474 1974; x_wconf 84' lang='grc' dir='ltr'><em>εὐθεῖα</em></span> <span class='ocrx_word' id='word_1_132' title='bbox 505 1909 684 1991; x_wconf 85' lang='grc' dir='ltr'><em>ὑποτεθείη</em></span> <span class='ocrx_word' id='word_1_133' title='bbox 716 1905 772 1973; x_wconf 81' lang='grc' dir='ltr'><em>καὶ</em></span> <span class='ocrx_word' id='word_1_134' title='bbox 803 1908 943 1984; x_wconf 80' lang='grc' dir='ltr'><em>κάθετος</em></span> <span class='ocrx_word' id='word_1_135' title='bbox 971 1906 1022 1972; x_wconf 85' lang='grc' dir='ltr'><em>ἐπ’</em></span> <span class='ocrx_word' id='word_1_136' title='bbox 1047 1909 1153 1992; x_wconf 81' lang='grc' dir='ltr'><em>αὐτὴν</em></span> 
     </span>
     <span class='ocr_line' id='line_1_18' title="bbox 139 2013 1153 2099; baseline 0.001 -20"><span class='ocrx_word' id='word_1_137' title='bbox 139 2015 159 2097; x_wconf 78' lang='grc' dir='ltr'>ἡ</span> <span class='ocrx_word' id='word_1_138' title='bbox 184 2022 215 2079; x_wconf 90' lang='grc' dir='ltr'><em>Α</em></span> <span class='ocrx_word' id='word_1_139' title='bbox 222 2020 263 2079; x_wconf 90' lang='grc' dir='ltr'><em>Ζ·</em></span> <span class='ocrx_word' id='word_1_140' title='bbox 297 2017 378 2081; x_wconf 84' lang='grc' dir='ltr'><em>ὅθεν</em></span> <span class='ocrx_word' id='word_1_141' title='bbox 405 2017 462 2080; x_wconf 74' lang='grc' dir='ltr'><em>διὰ</em></span> <span class='ocrx_word' id='word_1_142' title='bbox 488 2025 588 2080; x_wconf 84' lang='grc' dir='ltr'><em>τοῦτο</em></span> <span class='ocrx_word' id='word_1_143' title='bbox 615 2013 670 2079; x_wconf 80' lang='grc' dir='ltr'><em>καί</em></span> <span class='ocrx_word' id='word_1_144' title='bbox 693 2018 881 2099; x_wconf 91' lang='grc' dir='ltr'><em>φαντασίαν</em></span> <span class='ocrx_word' id='word_1_145' title='bbox 909 2014 1044 2092; x_wconf 75' lang='grc' dir='ltr'><em>εὐθείας</em></span> <span class='ocrx_word' id='word_1_146' title='bbox 1073 2015 1153 2080; x_wconf 85' lang='grc' dir='ltr'><em>ἀπο-</em></span> 
     </span>
     <span class='ocr_line' id='line_1_19' title="bbox 139 2119 1153 2208; baseline 0.001 -22"><span class='ocrx_word' id='word_1_147' title='bbox 139 2126 247 2186; x_wconf 84' lang='grc' dir='ltr'><em>στελεῖ</em></span> <span class='ocrx_word' id='word_1_148' title='bbox 266 2121 286 2204; x_wconf 83' lang='grc' dir='ltr'><em>ἡ</em></span> <span class='ocrx_word' id='word_1_149' title='bbox 310 2121 512 2208; x_wconf 82' lang='grc' dir='ltr'><em>περιφέρεια,</em></span> <span class='ocrx_word' id='word_1_150' title='bbox 535 2119 590 2186; x_wconf 85' lang='grc' dir='ltr'><em>καὶ</em></span> <span class='ocrx_word' id='word_1_151' title='bbox 608 2121 749 2205; x_wconf 81' lang='grc' dir='ltr'><em>μάλιστα</em></span> <span class='ocrx_word' id='word_1_152' title='bbox 772 2123 803 2185; x_wconf 87' lang='grc' dir='ltr'><em>εί</em></span> <span class='ocrx_word' id='word_1_153' title='bbox 819 2120 883 2185; x_wconf 82' lang='grc' dir='ltr'><em>ἀπὸ</em></span> <span class='ocrx_word' id='word_1_154' title='bbox 902 2124 1056 2198; x_wconf 88' lang='grc' dir='ltr'><em>πλειόνος</em></span> <span class='ocrx_word' id='word_1_155' title='bbox 1075 2125 1153 2207; x_wconf 89' lang='grc' dir='ltr'><em>φαί-</em></span> 
     </span>
     <span class='ocr_line' id='line_1_20' title="bbox 139 2227 1152 2313; baseline 0.003 -22"><span class='ocrx_word' id='word_1_156' title='bbox 139 2251 230 2292; x_wconf 90' lang='grc' dir='ltr'><em>νοιτο</em></span> <span class='ocrx_word' id='word_1_157' title='bbox 253 2229 482 2312; x_wconf 78' lang='grc' dir='ltr'><em>διαστήματος,</em></span> <span class='ocrx_word' id='word_1_158' title='bbox 506 2229 588 2292; x_wconf 86' lang='grc' dir='ltr'><em>ὥστε</em></span> <span class='ocrx_word' id='word_1_159' title='bbox 610 2229 654 2313; x_wconf 81' lang='grc' dir='ltr'><em>μὴ</em></span> <span class='ocrx_word' id='word_1_160' title='bbox 678 2227 968 2292; x_wconf 75' lang='grc' dir='ltr'><em>συναισθάνεσθαι</em></span> <span class='ocrx_word' id='word_1_161' title='bbox 986 2227 1073 2313; x_wconf 80' lang='grc' dir='ltr'><em>ημᾶς</em></span> <span class='ocrx_word' id='word_1_162' title='bbox 1095 2239 1152 2313; x_wconf 79' lang='grc' dir='ltr'><em>τῆς</em></span> 
     </span>
     <span class='ocr_line' id='line_1_21' title="bbox 85 2337 345 2421; baseline 0.012 -25"><span class='ocrx_word' id='word_1_163' title='bbox 85 2349 120 2397; x_wconf 79' lang='lat'><em>20</em></span> <span class='ocrx_word' id='word_1_164' title='bbox 138 2337 345 2421; x_wconf 85' lang='grc' dir='ltr'><em>κυρτότητος.</em></span> 
     </span>
     <span class='ocr_line' id='line_1_22' title="bbox 205 2439 1150 2526; baseline 0.001 -21"><span class='ocrx_word' id='word_1_165' title='bbox 205 2443 261 2505; x_wconf 76' lang='grc' dir='ltr'><em>διὰ</em></span> <span class='ocrx_word' id='word_1_166' title='bbox 288 2451 387 2506; x_wconf 85' lang='grc' dir='ltr'><em>τοῦτο</em></span> <span class='ocrx_word' id='word_1_167' title='bbox 419 2439 473 2505; x_wconf 80' lang='grc' dir='ltr'><em>καὶ</em></span> <span class='ocrx_word' id='word_1_168' title='bbox 501 2442 536 2505; x_wconf 86' lang='grc' dir='ltr'><em>οί</em></span> <span class='ocrx_word' id='word_1_169' title='bbox 560 2443 604 2526; x_wconf 83' lang='grc' dir='ltr'><em>μη</em></span> <span class='ocrx_word' id='word_1_170' title='bbox 631 2441 763 2517; x_wconf 77' lang='grc' dir='ltr'><em>πάντως</em></span> <span class='ocrx_word' id='word_1_171' title='bbox 791 2440 1026 2526; x_wconf 84' lang='grc' dir='ltr'><em>ἀποτεταμένοι</em></span> <span class='ocrx_word' id='word_1_172' title='bbox 1054 2443 1150 2508; x_wconf 84' lang='grc' dir='ltr'><em>κάλοι</em></span> 
     </span>
     <span class='ocr_line' id='line_1_23' title="bbox 139 2545 1149 2634; baseline 0.003 -21"><span class='ocrx_word' id='word_1_173' title='bbox 139 2548 174 2613; x_wconf 84' lang='grc' dir='ltr'><em>ἐκ</em></span> <span class='ocrx_word' id='word_1_174' title='bbox 197 2552 340 2631; x_wconf 79' lang='grc' dir='ltr'><em>πλαγίου</em></span> <span class='ocrx_word' id='word_1_175' title='bbox 368 2545 428 2633; x_wconf 74' lang='grc' dir='ltr'><em>μὲν</em></span> <span class='ocrx_word' id='word_1_176' title='bbox 455 2549 617 2634; x_wconf 82' lang='grc' dir='ltr'><em>ὁρώμενοι</em></span> <span class='ocrx_word' id='word_1_177' title='bbox 645 2548 838 2632; x_wconf 80' lang='grc' dir='ltr'><em>ἀσχάλασμα</em></span> <span class='ocrx_word' id='word_1_178' title='bbox 865 2551 952 2632; x_wconf 79' lang='grc' dir='ltr'><em>ἔχειν</em></span> <span class='ocrx_word' id='word_1_179' title='bbox 980 2550 1149 2634; x_wconf 76' lang='grc' dir='ltr'><em>δοκοῦσιν,</em></span> 
     </span>
     <span class='ocr_line' id='line_1_24' title="bbox 138 2650 1150 2744; baseline 0.002 -25"><span class='ocrx_word' id='word_1_180' title='bbox 138 2656 356 2721; x_wconf 77' lang='grc' dir='ltr'><em>ὑποκάτωθεν</em></span> <span class='ocrx_word' id='word_1_181' title='bbox 380 2652 416 2720; x_wconf 71' lang='grc' dir='ltr'><em>δὲ</em></span> <span class='ocrx_word' id='word_1_182' title='bbox 439 2655 551 2732; x_wconf 86' lang='grc' dir='ltr'><em>εὐθείς</em></span> <span class='ocrx_word' id='word_1_183' title='bbox 573 2650 669 2738; x_wconf 84' lang='grc' dir='ltr'><em>εἶναι,</em></span> <span class='ocrx_word' id='word_1_184' title='bbox 692 2654 748 2719; x_wconf 83' lang='grc' dir='ltr'><em>καὶ</em></span> <span class='ocrx_word' id='word_1_185' title='bbox 771 2655 809 2718; x_wconf 82' lang='grc' dir='ltr'><em>αί</em></span> <span class='ocrx_word' id='word_1_186' title='bbox 825 2653 914 2719; x_wconf 82' lang='grc' dir='ltr'><em>σκιαὶ</em></span> <span class='ocrx_word' id='word_1_187' title='bbox 938 2651 975 2720; x_wconf 68' lang='grc' dir='ltr'><em>δὲ</em></span> <span class='ocrx_word' id='word_1_188' title='bbox 992 2667 1062 2721; x_wconf 85' lang='grc' dir='ltr'><em>τῶν</em></span> <span class='ocrx_word' id='word_1_189' title='bbox 1081 2661 1150 2744; x_wconf 93' lang='grc' dir='ltr'><em>κρί-</em></span> 
     </span>
     <span class='ocr_line' id='line_1_25' title="bbox 138 2754 1149 2850; baseline 0 -24"><span class='ocrx_word' id='word_1_190' title='bbox 138 2785 206 2826; x_wconf 92' lang='grc' dir='ltr'><em>κων</em></span> <span class='ocrx_word' id='word_1_191' title='bbox 230 2761 265 2826; x_wconf 86' lang='grc' dir='ltr'><em>έν</em></span> <span class='ocrx_word' id='word_1_192' title='bbox 288 2771 333 2850; x_wconf 76' lang='grc' dir='ltr'><em>τῷ</em></span> <span class='ocrx_word' id='word_1_193' title='bbox 353 2762 441 2850; x_wconf 75' lang='grc' dir='ltr'><em>αὐτῷ</em></span> <span class='ocrx_word' id='word_1_194' title='bbox 461 2759 602 2848; x_wconf 78' lang='grc' dir='ltr'><em>ἐπιπέδῳ</em></span> <span class='ocrx_word' id='word_1_195' title='bbox 625 2759 796 2846; x_wconf 79' lang='grc' dir='ltr'><em>κειμένων,</em></span> <span class='ocrx_word' id='word_1_196' title='bbox 820 2761 856 2826; x_wconf 85' lang='grc' dir='ltr'><em>έν</em></span> <span class='ocrx_word' id='word_1_197' title='bbox 876 2754 902 2849; x_wconf 73' lang='grc' dir='ltr'><em>ᾧ</em></span> <span class='ocrx_word' id='word_1_198' title='bbox 920 2759 976 2826; x_wconf 83' lang='grc' dir='ltr'><em>καὶ</em></span> <span class='ocrx_word' id='word_1_199' title='bbox 994 2763 1032 2827; x_wconf 88' lang='grc' dir='ltr'><em>τὸ</em></span> <span class='ocrx_word' id='word_1_200' title='bbox 1051 2760 1149 2847; x_wconf 78' lang='grc' dir='ltr'><em>ὄμμα,</em></span> 
     </span>
     <span class='ocr_line' id='line_1_26' title="bbox 85 2869 477 2952; baseline 0.008 -24"><span class='ocrx_word' id='word_1_201' title='bbox 85 2881 118 2929; x_wconf 81' lang='lat'><em>‘25</em></span> <span class='ocrx_word' id='word_1_202' title='bbox 139 2869 266 2932; x_wconf 72' lang='grc' dir='ltr'><em>εὐθεῖαι</em></span> <span class='ocrx_word' id='word_1_203' title='bbox 291 2872 477 2952; x_wconf 91' lang='grc' dir='ltr'><em>φαίνονται.</em></span> 
     </span>
    </p>
   </div>
   <div class='ocr_carea' id='block_1_3' title="bbox 137 3092 1146 3591">
    <p class='ocr_par' dir='ltr' id='par_1_3' title="bbox 137 3092 1146 3591">
     <span class='ocr_line' id='line_1_27' title="bbox 209 3092 1146 3186; baseline 0.002 -38"><span class='ocrx_word' id='word_1_204' title='bbox 209 3102 232 3150; x_wconf 94' lang='grc'><em>1.</em></span> <span class='ocrx_word' id='word_1_205' title='bbox 252 3092 348 3150; x_wconf 89' lang='grc' dir='ltr'><em>καί-</em></span> <span class='ocrx_word' id='word_1_206' title='bbox 363 3092 540 3186; x_wconf 76' lang='grc' dir='ltr'><em>πορρωτέρω]</em></span> <span class='ocrx_word' id='word_1_207' title='bbox 560 3110 612 3148; x_wconf 91' lang='lat' dir='ltr'><em>om.</em></span> <span class='ocrx_word' id='word_1_208' title='bbox 632 3093 685 3148; x_wconf 80' lang='lat' dir='ltr'>lac.</span> <span class='ocrx_word' id='word_1_209' title='bbox 706 3094 754 3148; x_wconf 85' lang='lat' dir='ltr'><strong>rel.</strong></span> <span class='ocrx_word' id='word_1_210' title='bbox 774 3094 839 3149; x_wconf 73' lang='lat' dir='ltr'><em>vat.</em></span> <span class='ocrx_word' id='word_1_211' title='bbox 912 3094 963 3163; x_wconf 81' lang='grc' dir='ltr'><em>τήν</em></span> <span class='ocrx_word' id='word_1_212' title='bbox 979 3095 1051 3165; x_wconf 76' lang='lat' dir='ltr'>(alt.)</span> <span class='ocrx_word' id='word_1_213' title='bbox 1071 3128 1106 3138; x_wconf 89' lang='lat'>-</span> <span class='ocrx_word' id='word_1_214' title='bbox 1124 3103 1146 3150; x_wconf 77' lang='lat'><em>2.</em></span> 
     </span>
     <span class='ocr_line' id='line_1_28' title="bbox 138 3163 1146 3238; baseline 0.001 -18"><span class='ocrx_word' id='word_1_215' title='bbox 138 3166 197 3238; x_wconf 81' lang='grc' dir='ltr'><em>διαί]</em></span> <span class='ocrx_word' id='word_1_216' title='bbox 218 3185 244 3235; x_wconf 77' lang='grc' dir='ltr'><em>η,</em></span> <span class='ocrx_word' id='word_1_217' title='bbox 263 3175 312 3236; x_wconf 83' lang='grc' dir='ltr'><em>τῆς</em></span> <span class='ocrx_word' id='word_1_218' title='bbox 330 3164 376 3235; x_wconf 81' lang='grc' dir='ltr'><em>ἐφ’</em></span> <span class='ocrx_word' id='word_1_219' title='bbox 394 3187 427 3232; x_wconf 84' lang='grc' dir='ltr'><em>ης</em></span> <span class='ocrx_word' id='word_1_220' title='bbox 439 3165 470 3220; x_wconf 86' lang='grc' dir='ltr'><em>τὸ</em></span> <span class='ocrx_word' id='word_1_221' title='bbox 487 3166 569 3234; x_wconf 86' lang='lat' dir='ltr'><strong>(dem.</strong></span> <span class='ocrx_word' id='word_1_222' title='bbox 584 3182 638 3219; x_wconf 74' lang='grc' dir='ltr'><em>τοι.</em></span> <span class='ocrx_word' id='word_1_223' title='bbox 655 3165 692 3233; x_wconf 77' lang='grc' dir='ltr'><em>Μ,</em></span> <span class='ocrx_word' id='word_1_224' title='bbox 712 3168 783 3235; x_wconf 73' lang='lat' dir='ltr'><strong>spat.</strong></span> <span class='ocrx_word' id='word_1_225' title='bbox 799 3171 815 3219; x_wconf 81' lang='lat'>2</span> <span class='ocrx_word' id='word_1_226' title='bbox 830 3163 885 3220; x_wconf 72' lang='lat' dir='ltr'>litt.</span> <span class='ocrx_word' id='word_1_227' title='bbox 901 3165 935 3235; x_wconf 85' lang='lat' dir='ltr'><em>R)</em></span> <span class='ocrx_word' id='word_1_228' title='bbox 956 3165 1012 3220; x_wconf 81' lang='grc' dir='ltr'><em>ἐστι</em></span> <span class='ocrx_word' id='word_1_229' title='bbox 1031 3167 1146 3221; x_wconf 85' lang='lat' dir='ltr'>MFRu.</span> 
     </span>
     <span class='ocr_line' id='line_1_29' title="bbox 174 3234 1146 3309; baseline 0.001 -18"><span class='ocrx_word' id='word_1_230' title='bbox 174 3245 196 3292; x_wconf 84' lang='grc'><em>6.</em></span> <span class='ocrx_word' id='word_1_231' title='bbox 214 3247 263 3307; x_wconf 81' lang='grc' dir='ltr'><em>τῆς</em></span> <span class='ocrx_word' id='word_1_232' title='bbox 281 3234 460 3307; x_wconf 81' lang='grc' dir='ltr'><em>περιφερείας</em></span> <span class='ocrx_word' id='word_1_233' title='bbox 477 3245 526 3291; x_wconf 81' lang='grc' dir='ltr'><em>τοῦ</em></span> <span class='ocrx_word' id='word_1_234' title='bbox 546 3237 649 3291; x_wconf 80' lang='grc' dir='ltr'><em>κύκλου</em></span> <span class='ocrx_word' id='word_1_235' title='bbox 668 3236 735 3291; x_wconf 86' lang='lat' dir='ltr'><em>MR.</em></span> <span class='ocrx_word' id='word_1_236' title='bbox 823 3243 846 3291; x_wconf 88' lang='lat'><em>9.</em></span> <span class='ocrx_word' id='word_1_237' title='bbox 870 3235 916 3309; x_wconf 87' lang='grc' dir='ltr'><em>τοί]</em></span> <span class='ocrx_word' id='word_1_238' title='bbox 941 3254 1026 3306; x_wconf 78' lang='lat' dir='ltr'><strong>supra</strong></span> <span class='ocrx_word' id='word_1_239' title='bbox 1045 3256 1097 3294; x_wconf 85' lang='lat' dir='ltr'><strong>scr.</strong></span> <span class='ocrx_word' id='word_1_240' title='bbox 1115 3239 1146 3292; x_wconf 85' lang='lat' dir='ltr'><em>R.</em></span> 
     </span>
     <span class='ocr_line' id='line_1_30' title="bbox 174 3307 1145 3382; baseline 0.001 -20"><span class='ocrx_word' id='word_1_241' title='bbox 174 3312 206 3381; x_wconf 84' lang='lat' dir='ltr'><em>B]</em></span> <span class='ocrx_word' id='word_1_242' title='bbox 226 3326 294 3363; x_wconf 81' lang='lat' dir='ltr'>corr.</span> <span class='ocrx_word' id='word_1_243' title='bbox 314 3325 348 3362; x_wconf 82' lang='lat' dir='ltr'><em>ex</em></span> <span class='ocrx_word' id='word_1_244' title='bbox 366 3313 394 3362; x_wconf 89' lang='lat' dir='ltr'><em>K</em></span> <span class='ocrx_word' id='word_1_245' title='bbox 410 3308 443 3362; x_wconf 83' lang='lat' dir='ltr'><em>R.</em></span> <span class='ocrx_word' id='word_1_246' title='bbox 524 3313 564 3362; x_wconf 85' lang='lat'><em>10.</em></span> <span class='ocrx_word' id='word_1_247' title='bbox 583 3308 651 3379; x_wconf 83' lang='grc' dir='ltr'><em>τῶν]</em></span> <span class='ocrx_word' id='word_1_248' title='bbox 670 3307 735 3361; x_wconf 79' lang='lat' dir='ltr'>hine</span> <span class='ocrx_word' id='word_1_249' title='bbox 755 3307 842 3362; x_wconf 78' lang='lat' dir='ltr'><strong>etiam</strong></span> <span class='ocrx_word' id='word_1_250' title='bbox 859 3325 881 3362; x_wconf 92' lang='lat' dir='ltr'><em>r.</em></span> <span class='ocrx_word' id='word_1_251' title='bbox 956 3307 1020 3382; x_wconf 79' lang='grc' dir='ltr'><em>οὖν]</em></span> <span class='ocrx_word' id='word_1_252' title='bbox 1040 3328 1071 3380; x_wconf 88' lang='lat' dir='ltr'><em>q,</em></span> <span class='ocrx_word' id='word_1_253' title='bbox 1096 3327 1145 3364; x_wconf 88' lang='lat' dir='ltr'><em>om.</em></span> 
     </span>
     <span class='ocr_line' id='line_1_31' title="bbox 137 3377 1145 3451; baseline 0.002 -19"><span class='ocrx_word' id='word_1_254' title='bbox 137 3379 202 3434; x_wconf 90' lang='lat' dir='ltr'><em>MR.</em></span> <span class='ocrx_word' id='word_1_255' title='bbox 262 3387 302 3435; x_wconf 82' lang='lat'><em>11.</em></span> <span class='ocrx_word' id='word_1_256' title='bbox 322 3377 386 3451; x_wconf 87' lang='grc' dir='ltr'><em>καί]</em></span> <span class='ocrx_word' id='word_1_257' title='bbox 407 3396 460 3433; x_wconf 89' lang='lat' dir='ltr'><em>om.</em></span> <span class='ocrx_word' id='word_1_258' title='bbox 478 3396 500 3432; x_wconf 92' lang='lat' dir='ltr'><em>r.</em></span> <span class='ocrx_word' id='word_1_259' title='bbox 561 3384 602 3432; x_wconf 82' lang='lat'><em>15.</em></span> <span class='ocrx_word' id='word_1_260' title='bbox 623 3377 813 3450; x_wconf 82' lang='grc' dir='ltr'><em>ὅ-ὁρᾶται]</em></span> <span class='ocrx_word' id='word_1_261' title='bbox 831 3380 931 3447; x_wconf 78' lang='lat' dir='ltr'><strong>postea</strong></span> <span class='ocrx_word' id='word_1_262' title='bbox 950 3378 1003 3434; x_wconf 83' lang='lat' dir='ltr'><strong>ins.</strong></span> <span class='ocrx_word' id='word_1_263' title='bbox 1024 3399 1051 3448; x_wconf 92' lang='lat' dir='ltr'><em>q.</em></span> <span class='ocrx_word' id='word_1_264' title='bbox 1107 3387 1145 3434; x_wconf 83' lang='lat'><em>16.</em></span> 
     </span>
     <span class='ocr_line' id='line_1_32' title="bbox 137 3447 1145 3522; baseline 0.002 -20"><span class='ocrx_word' id='word_1_265' title='bbox 137 3449 312 3522; x_wconf 86' lang='grc' dir='ltr'><em>περιφέρεια]</em></span> <span class='ocrx_word' id='word_1_266' title='bbox 332 3448 420 3520; x_wconf 88' lang='grc' dir='ltr'><em>γωνία</em></span> <span class='ocrx_word' id='word_1_267' title='bbox 439 3450 475 3518; x_wconf 82' lang='lat' dir='ltr'><em>R,</em></span> <span class='ocrx_word' id='word_1_268' title='bbox 500 3466 553 3504; x_wconf 85' lang='lat' dir='ltr'><em>om.</em></span> <span class='ocrx_word' id='word_1_269' title='bbox 573 3450 614 3518; x_wconf 89' lang='lat' dir='ltr'><em>M,</em></span> <span class='ocrx_word' id='word_1_270' title='bbox 641 3447 729 3520; x_wconf 90' lang='grc' dir='ltr'><em>γωνία</em></span> <span class='ocrx_word' id='word_1_271' title='bbox 747 3454 796 3505; x_wconf 80' lang='grc' dir='ltr'><em>τοῦ</em></span> <span class='ocrx_word' id='word_1_272' title='bbox 816 3451 919 3505; x_wconf 76' lang='grc' dir='ltr'><em>κύκλου</em></span> <span class='ocrx_word' id='word_1_273' title='bbox 937 3469 960 3506; x_wconf 91' lang='lat' dir='ltr'><em>r.</em></span> <span class='ocrx_word' id='word_1_274' title='bbox 1034 3458 1145 3506; x_wconf 75' lang='lat'>21-25.</span> 
     </span>
     <span class='ocr_line' id='line_1_33' title="bbox 138 3520 629 3591; baseline 0.006 -18"><span class='ocrx_word' id='word_1_275' title='bbox 138 3538 190 3574; x_wconf 87' lang='lat'>0111.</span> <span class='ocrx_word' id='word_1_276' title='bbox 210 3523 242 3575; x_wconf 92' lang='lat' dir='ltr'><em>A.</em></span> <span class='ocrx_word' id='word_1_277' title='bbox 316 3528 358 3574; x_wconf 79' lang='lat'><em>22.</em></span> <span class='ocrx_word' id='word_1_278' title='bbox 379 3522 434 3575; x_wconf 78' lang='lat' dir='ltr'>Ser.</span> <span class='ocrx_word' id='word_1_279' title='bbox 455 3520 629 3591; x_wconf 81' lang='grc' dir='ltr'><em>ἐγχοίλασμα.</em></span> 
     </span>
    </p>
   </div>
   <div class='ocr_carea' id='block_1_4' title="bbox 0 0 1216 3944">
    <p class='ocr_par' dir='ltr' id='par_1_4' title="bbox 0 0 1216 3944">
     <span class='ocr_line' id='line_1_34' title="bbox 0 0 1216 3944; baseline 0 1"><span class='ocrx_word' id='word_1_280' title='bbox 0 0 1216 3944; x_wconf 95' lang='lat' dir='ltr'><em> </em></span> 
     </span>
    </p>
   </div>
  </div>
 </body>
</html>
