2424 3944
422 132 593 184 EUCLIDIS
611 132 749 186 ΟΡΓΙΟΔ.
1048 130 1090 195 99

80 274 252 359 apparebit
270 276 313 339 ab
337 297 433 359 quam
452 277 503 359 tp.
540 280 573 340 et
592 276 620 340 si
639 280 783 341 transeat
802 277 914 341 oculus
935 299 1031 362 super
1050 278 1092 363 ei,

79 381 265 465 inaequalia
283 381 433 446 similiter
452 383 663 469 apparebunt,
686 387 719 447 et
737 406 833 469 super
852 384 961 447 circuli
981 387 1090 468 partes

80 508 228 552 seorsum
238 488 514 572 perpendicularis
530 488 558 553 si
566 494 717 574 ponatur,
729 489 912 574 inaequalia
926 493 1092 575 apparent,

80 599 114 659 et
138 593 167 659 si
190 597 282 658 extra
305 594 462 659 circulum
485 600 627 679 ponatur
653 618 720 660 non
746 596 781 659 in
804 596 926 662 directo
950 597 1091 661 existens

79 701 110 765 ei
134 722 216 785 quae
240 705 290 765 est
312 703 363 787 da,
385 700 568 788 inaequalia
591 707 755 787 apparent.

146 877 263 944 Aliter.

148 989 219 1050 esto
247 986 333 1050 enim
361 986 505 1071 aequalis
529 987 571 1070 by
602 987 632 1050 ei
669 1009 750 1071 quae
779 990 829 1051 est
854 988 913 1072 qd,
946 991 978 1052 et
1007 987 1092 1052 circa

80 1092 211 1177 quidem
248 1094 292 1176 by
329 1093 550 1158 semicirculus
588 1093 789 1158 describatur
825 1094 907 1180 bap,
943 1099 977 1158 at
1013 1115 1090 1157 uero

80 1200 167 1265 eirca
187 1201 236 1283 qd
261 1199 366 1264 maior
389 1200 592 1265 semicirculo
613 1202 688 1283 ped.
735 1204 768 1264 et
790 1201 1001 1264 manifestum
1024 1199 1092 1283 qui-

715 1307 797 1390 dem,
817 1306 970 1391 quoniam
987 1307 1091 1371 maior
1111 1315 1144 1364 10

737 1413 901 1498 praedicto
926 1413 1069 1478 semicir-

716 1521 796 1584 culo,
824 1519 980 1604 possibile
996 1541 1092 1604 super

712 1628 761 1710 qd
792 1627 931 1691 scribere
967 1626 1091 1710 portio-

714 1757 789 1799 nem
799 1733 955 1798 maiorem
963 1733 1092 1816 quidem

610 1831 646 1891 A
716 1839 927 1905 semicircule
964 1839 1092 1904 sienim
1112 1846 1145 1895 16

716 1969 934 2034 supponamus
961 1951 1092 2011 acutum

78 2054 222 2139 aliquem
241 2055 405 2142 angulum,
422 2056 580 2140 possibile
599 2061 650 2121 est
666 2057 761 2121 nobis
777 2077 873 2139 super
888 2056 936 2137 qd
953 2054 1093 2119 scribere

78 2162 265 2245 portionem
288 2162 400 2227 circuli
422 2163 641 2228 continentem
660 2164 815 2249 angulum
834 2161 1001 2246 aequalem
1020 2163 1094 2226 sub-

77 2268 201 2333 iacenti
224 2271 320 2332 acute
345 2269 474 2355 angulo,
497 2273 534 2334 ut
557 2270 696 2335 habetur
717 2270 752 2334 in
770 2267 833 2333 ΙΙΙο
852 2269 1093 2333 elementorum.

80 2379 114 2440 et
138 2375 375 2459 coniungantur
398 2377 446 2461 ba,
465 2396 515 2460 29,
533 2379 584 2442 ad.
629 2377 731 2463 igitur
755 2374 867 2460 quiin
890 2374 1093 2439 semicirculo
1112 2378 1146 2427 20

81 2481 220 2567 angulus
248 2481 353 2546 maior
383 2503 479 2566 quam
509 2482 591 2547 alius
623 2483 658 2546 in
685 2482 801 2547 maiori
828 2481 985 2565 portione.
1032 2479 1092 2543 sub

79 2587 197 2652 maiori
212 2591 321 2653 autem
340 2589 459 2674 angulo
478 2589 550 2654 uisa
563 2590 686 2654 maiora
703 2591 867 2673 apparent.
900 2590 970 2650 erat
984 2590 1094 2649 autem

79 2695 235 2778 aequalis,
278 2700 329 2759 est
352 2716 429 2780 ergo
452 2695 543 2760 locus
567 2696 761 2782 communis,
782 2694 818 2758 in
841 2716 904 2778 quo
929 2693 1042 2757 oculus
1066 2693 1094 2758 si

78 2804 231 2886 ponatur,
248 2801 432 2888 inaequalia
446 2806 602 2886 apparent
617 2802 772 2886 aequalia,
786 2800 940 2884 quoniam
955 2799 1093 2884 quidem,

79 2907 109 2972 si
130 2929 278 2991 superea
297 2930 378 2993 quae
397 2929 417 2971 a
433 2907 593 2992 principio
612 2912 732 2993 puncta
750 2907 859 2992 fuerit,
881 2927 992 2970 earum
1012 2927 1093 2989 quae
1111 2914 1145 2964 25

79 3017 159 3078 sunt
181 3014 230 3096 by,
246 3016 295 3098 qd
316 3015 420 3079 maior
444 3015 673 3079 semicirculus.

154 3168 177 3217 5.
198 3164 282 3234 quae]
302 3162 351 3230 qui
369 3163 408 3216 D.
482 3169 523 3217 17.
543 3163 690 3233 possibile]
709 3160 799 3231 possi·
817 3178 868 3231 seq.
887 3178 941 3216 ras,
956 3166 972 3215 1
989 3162 1039 3216 litt.
1054 3161 1092 3215 D.

118 3319 159 3368 17.
183 3316 241 3382 ΖΓ,
258 3314 321 3384 ΖΔ]
342 3316 373 3382 Γ,
390 3317 411 3366 Ζ
429 3314 459 3366 in
473 3331 527 3368 ras.
543 3314 575 3369 V.
649 3320 690 3367 18.
711 3309 821 3384 μείζων]
841 3314 933 3382 μεῖζον
951 3331 976 3368 v.
1050 3317 1092 3368 20.

80 3423 175 3490 μεῖζον
194 3439 219 3476 v,
285 3417 383 3490 μείζων
403 3451 436 3461 -
456 3419 599 3493 φαίνεται]
619 3438 671 3475 om.
691 3438 727 3474 111.
785 3425 827 3475 21.
847 3399 947 3483 nervias
965 3438 990 3476 v.
1050 3425 1092 3476 23.

80 3501 197 3563 σημεῖον
215 3491 301 3561 Vat.¹,
324 3502 350 3560 qr
367 3510 403 3546 111.

897 3581 933 3635 7*
