2424 3944
126 167 168 231 70
464 167 634 220 EUGLIDIS
653 165 791 220 OPTIGA.

125 311 223 378 ἐστίν.
259 316 318 380 καί
338 315 422 377 είσιν
445 308 547 397 ὀρθαὶ
570 312 608 375 αἱ
627 310 692 375 ὑπὸ
716 315 745 374 Β
752 314 822 393 ΖΑ,
842 313 949 375 BKA.
986 309 1136 375 ἐλύσσων

123 416 183 504 μὲν
211 422 275 506 ἄρα
302 419 323 502 ἡ
347 422 410 483 ΒΖ
437 426 494 500 τῆς
516 420 585 481 ΒΚ
610 417 666 481 διὰ
692 418 729 482 τὸ
760 423 814 482 ίσα
841 412 927 481 εἶναι
950 416 990 480 τοί
1012 440 1048 481 τε
1071 416 1135 482 ἀπὸ

122 537 191 591 τῶν
214 531 292 609 ΒΖ,
317 530 381 589 ΖΑ
404 521 459 589 καὶ
482 524 523 588 τὰ
545 523 609 588 ἀπὸ
632 534 699 588 τῶν
721 527 801 606 ΒΚ,
825 527 895 588 KA
921 533 967 612 τῷ
990 522 1055 589 ἀπὸ
1079 532 1160 608 τῆρ’

123 637 185 698 ΒΑ
212 631 267 697 καὶ
295 631 462 716 ἀλληλοις,
490 634 608 715 μείζων
631 626 668 694 δέ
691 630 792 694 πάλιν
818 629 839 712 ἡ
862 630 927 695 ὑπὸ
951 633 1054 695 ΒΑΚ
1079 640 1137 714 τῆς

89 739 188 803 σύπὸ
217 743 321 803 ΒΑΖ.
377 750 491 804 πασῶν
521 733 558 801 δὲ
585 747 652 801 τῶν
682 737 766 821 πρὸς
793 746 832 822 τη”
860 740 923 801 ΒΑ
948 735 1136 821 γινομένων

123 856 254 927 γωνιῶν
276 845 341 910 ὑπὸ
364 856 432 910 τῶν
455 845 511 910 διὰ
531 853 591 909 τοῦ
610 850 642 908 Α
665 842 872 928 διαγομένων
890 847 1026 928 μεγίστη
1046 841 1137 910 ἐστὶν

122 951 143 1034 ἡ
166 951 231 1016 ὑπὸ
254 956 361 1016 ΒΑΗ
380 951 596 1036 ἐκβληθείσης
618 960 676 1034 τῆς
700 954 760 1015 ΓΑ
783 948 837 1015 ἐπὶ
859 952 896 1016 τὸ
920 955 965 1034 Η,
989 948 1058 1016 ἐπεὶ
1082 949 1136 1016 καὶ

122 1069 237 1122 πασῶν
260 1056 403 1123 ἐλάττων
426 1057 446 1142 η
469 1059 534 1123 ὑπὸ
554 1062 657 1123 ΒΑΓ.
695 1063 764 1122 ίσαι
782 1055 820 1122 δέ
837 1061 988 1140 γίνονται
1007 1059 1045 1123 αί
1063 1063 1137 1123 ίσον

124 1163 303 1249 ἀπέχουσαι
336 1164 388 1250 ἐφ’
420 1163 555 1251 έκύτερα
587 1174 644 1249 της
671 1167 747 1228 MA
779 1172 837 1246 τῆς
869 1165 930 1247 τὴν
962 1163 1136 1248 ἐλαχίστην

70 1283 104 1332 10
122 1274 248 1353 γωνίαν
266 1273 479 1357 περιεχούσης
496 1272 576 1356 μετὰ
594 1280 652 1353 τῆς
670 1275 741 1335 ΒΑ.
777 1273 902 1335 κείσθω
921 1270 984 1355 γὰρ
1004 1279 1043 1354 τῇ
1063 1274 1141 1335 ΕΜ

124 1384 177 1461 ίση
201 1377 221 1459 ἡ
240 1383 328 1462 ΜΝ,
351 1376 406 1443 καὶ
430 1377 677 1463 ἐπεζεύχθωσαν
700 1378 737 1441 αί
755 1381 839 1460 EM,
858 1381 946 1460 MN,
965 1380 1038 1460 ΕΓ,
1061 1381 1136 1460 ΓΝ,

123 1490 201 1568 ΒΕ,
224 1490 302 1568 ΒΝ,
326 1491 406 1551 ΑΝ.
458 1483 526 1550 ἐπεὶ
555 1480 616 1550 οὖν
645 1490 698 1567 ίση
727 1481 817 1548 ἐστὶν
839 1483 859 1566 ἡ
883 1488 966 1549 ΜΝ
988 1493 1028 1570 τῇ
1053 1488 1135 1568 ΜΕ,

122 1593 217 1674 κοινὴ
242 1588 279 1656 δέ
296 1591 316 1675 ἡ
336 1595 418 1676 ΜΓ,
441 1590 495 1657 καὶ
519 1594 642 1675 γωνίας
661 1597 734 1666 ἴσας
752 1588 972 1676 περιέχουσιν,
998 1597 1052 1674 ίση
1073 1592 1136 1678 ύίρα

122 1698 176 1763 καὶ
200 1698 220 1781 ἡ
243 1703 312 1764 ΕΓ
332 1711 372 1787 τῇ
397 1704 472 1765 ΓΝ.
517 1700 611 1781 κοινὴ
640 1694 676 1762 δὲ
703 1695 758 1762 καὶ
785 1699 869 1782 πρὸς
891 1696 1040 1782 ὀρθύςὴ
1067 1700 1135 1761 ΓΒ.

70 1816 103 1864 16
125 1811 178 1889 ἴση
202 1808 265 1891 ἄρα
288 1805 342 1871 καὶ
365 1806 385 1889 ἡ
408 1812 472 1871 ΕΒ
495 1817 535 1892 τῇ
555 1809 632 1870 ΒΝ.
670 1801 830 1868 ἀλλὰκαὶ
853 1803 874 1886 ἡ
897 1809 965 1868 ΕΑ
988 1813 1027 1890 τῇ
1052 1807 1135 1870 ΑΝ·

122 1910 177 1975 καὶ
199 1914 293 1995 κοινὴ
317 1912 337 1994 ἡ
357 1917 432 1976 ΑΒ.
468 1911 523 1976 καὶ
547 1914 650 1994 γωνία
673 1913 738 1996 ἄρα
761 1909 781 1993 ἡ
804 1910 869 1975 ὑπὸ
889 1915 984 1975 ΕΑΒ
1008 1920 1049 1997 τῇ
1071 1910 1134 1976 ὑπὸ

122 2021 222 2082 ΝΑΒ
247 2023 300 2100 ίση
325 2017 423 2082 ε’στίν.

178 2254 286 2320 Ἔστω
309 2258 429 2332 κύκλος
451 2256 469 2321 ὁ
493 2260 640 2340 ΑΒΓΔ,
673 2252 713 2321 οὗ
740 2254 879 2342 κέντρον
905 2256 942 2320 τὸ
968 2260 1010 2338 Ζ,
1045 2255 1082 2321 ἐν
1110 2249 1135 2343 ᾧ

123 2361 251 2427 εὐθεῖαι
269 2364 428 2447 ἤχθωσαν
446 2364 502 2428 διὰ
521 2375 588 2428 τῶν
607 2368 648 2448 A,
667 2369 706 2447 Β,
726 2365 763 2446 Γ,
782 2368 816 2426 Δ
838 2360 1016 2446 τέμνουσαι
1037 2363 1135 2447 ἀλλη-

70 2482 105 2533 20
124 2474 182 2545 ίας
203 2470 287 2556 πρὸς
308 2471 424 2555 ὀρθάς,
448 2472 535 2555 ὄμμα
559 2467 595 2534 δὲ
618 2473 700 2535 έστω
724 2470 760 2534 τὸ
779 2473 819 2552 Ε,
843 2466 902 2553 ἀφ’
924 2463 964 2534 οὗ
985 2468 1006 2551 ἡ
1026 2469 1080 2535 ἐπὶ
1099 2471 1135 2536 τὸ

123 2574 260 2662 κέντρον
288 2575 540 2661 ἐπιζευγνυμένη
567 2577 650 2664 πρὸς
677 2576 784 2659 ὀρθὰς
811 2584 850 2661 τῇ
876 2577 951 2659 ΓΛ,
983 2578 1068 2662 πρὸς
1101 2575 1137 2644 δέ

195 2935 219 2984 1.
239 2926 324 3000 ἐστίν]
345 2926 400 2983 ἐστί
418 2929 547 2983 Γούνεω.
611 2928 699 2999 ΒΖΑ]
722 2932 797 2981 ΖΒΑ
815 2927 912 2983 Γούτ.
973 2926 1090 2985 ἐλαττον
1109 2948 1135 3002 ν,

124 2998 242 3055 ἐλάττων
260 3001 325 3056 vat.
415 3006 439 3053 3.
460 3001 521 3071 BZ]
544 3004 592 3053 ΖΒ
610 2999 731 3053 Εαθέαι.
817 3000 877 3070 τῆς]
897 3007 952 3054 τῶν
970 2999 1037 3054 Vat.
1113 3008 1137 3058 4.

123 3074 216 3140 μεῖζον
234 3090 260 3127 τ.
333 3069 380 3144 δέ]
401 3088 468 3126 corr.
488 3071 519 3124 in
533 3070 588 3139 ἄρα
607 3070 640 3138 V,
663 3069 717 3138 ἄρα
737 3070 953 3125 Vat.Vat.¹mv.
1029 3077 1054 3126 6.
1075 3074 1137 3128 θια-

123 3141 260 3215 γομένων]
281 3146 341 3197 διοι-
357 3142 388 3196 in
401 3160 455 3197 ras,
470 3142 503 3196 V.
560 3149 583 3197 7.
604 3138 682 3212 ἐπεί]
701 3141 749 3196 καὶ
764 3137 824 3195 ἐπεί
838 3141 935 3196 Vat.v.
992 3147 1034 3198 11.
1054 3146 1138 3217 MN]

124 3230 192 3269 corr.
212 3231 246 3269 ex
265 3218 329 3268 ΜΓ
342 3215 406 3269 Vat.
481 3214 552 3284 ΕΓ]
572 3230 624 3267 om.
644 3231 679 3266 m.
754 3218 795 3266 13.
814 3211 1020 3284 περιέχουσιν.
1096 3222 1138 3271 15.

124 3287 196 3358 ΒΝ]
221 3289 279 3339 ΒΗ
298 3303 334 3341 m.
427 3290 467 3339 16.
496 3285 546 3356 τῇ]
570 3292 618 3353 τῆς
635 3284 699 3338 Vat.
791 3290 833 3338 17.
862 3284 1085 3355 NAB]e00rr.
1104 3287 1138 3343 V.

161 3389 201 3438 18.
221 3383 269 3452 μγ’
284 3383 317 3451 V,
337 3384 387 3451 μα’
403 3402 438 3438 m.
454 3390 470 3438 2
489 3382 553 3437 Vat.
618 3379 716 3450 κέτρον
734 3400 760 3436 v.
830 3387 871 3435 19.
891 3379 1040 3456 ἤχθωσαν]
1060 3373 1140 3456 ἤχθῗ

123 3453 188 3578 ξορρ.
213 3454 372 3594 affigam
389 3473 425 3508 m.
480 3459 522 3509 20.
542 3453 573 3508 τὸ
588 3451 715 3525 κέντρον]
735 3461 783 3507 τοῦ
799 3450 915 3521 κέντρου
934 3471 970 3508 m.
1028 3462 1070 3510 21.
1090 3455 1138 3529 τῇ]
