2424 3944
133 189 177 255 46
475 194 645 245 EUOLIDIS
664 193 802 246 01⁷r10A.

133 345 173 422 τῇ
201 339 329 424 σφαίρᾳ
357 334 549 422 διαμέτρου,
582 334 642 421 ἀφ’
667 331 708 401 οὗ
735 337 895 420 ήχθωσαν
924 334 1152 419 ἐφαπτόμεναι

134 443 172 507 αί
190 447 268 526 ΔΒ,
286 446 355 507 ΕΓ
372 444 410 507 αί
430 441 527 507 αὐταὶ
549 441 604 507 καὶ
627 442 764 519 ἀκτῖνες.
811 442 910 525 λέχω,
933 442 985 507 ὅτι
1007 445 1150 506 ἔλασσον

134 547 356 635 ἡμισφαιρίου
383 548 578 634 ὀφθήσεται.
625 548 903 633 ἐκβεβλήσθωσαν
929 549 993 634 γὰρ
1017 550 1055 613 αί
1075 552 1150 631 ΒΔ,

135 658 208 719 ΓΕ·
233 664 478 740 συμπεσοῦνται
501 657 542 740 δὴ
561 654 614 721 ἐπὶ
633 657 673 720 τὰ
692 659 730 739 Γ,
744 660 789 739 Η,
803 660 832 719 Β
855 654 948 742 με’ρή,
972 654 1148 739 ἐπειδήπερ

99 775 115 824 5
134 759 154 843 ἡ
174 765 243 825 ΔΕ
260 760 410 827 ἐλάσσων
428 760 497 827 ἐστὶ
515 771 574 846 τής
592 762 629 827 ἐν
647 771 686 847 τῇ
705 767 832 850 σφαίρᾳ
851 759 1039 846 διαμέτρου.
1069 777 1151 845 συμ-

132 864 341 932 πιπτέτωσαν
367 869 450 933 κατὰ
479 870 517 933 τὸ
542 873 570 932 Ζ
597 881 741 953 σήμεϊον.
788 867 856 933 ἐπεὶ
879 865 942 934 οὖν
969 868 1034 934 ἀπό
1057 891 1151 944 τινος

133 977 270 1058 σημείου
298 983 358 1039 τοῦ
383 979 411 1038 Ζ
437 977 735 1061 προσπεπτώκασιν
762 976 891 1040 εὐθεῖαι
919 977 956 1040 αἱ
978 978 1050 1059 ΖΓ,
1075 978 1149 1058 ΖΒ,

133 1081 171 1145 τὸ
193 1083 303 1146 ΒΗΓ
330 1083 394 1167 ἄρα
426 1084 561 1148 ἔλαττόν
589 1082 679 1147 ἐστιν
706 1081 912 1167 ἡμικυκλίου.
957 1078 1031 1146 ἀλλ’
1058 1080 1093 1145 ἐν
1123 1073 1150 1168 ᾦ

134 1185 203 1251 ἐστι
226 1188 263 1251 τὸ
286 1190 395 1251 ΒΗΓ
416 1197 539 1272 τμῆμα,
572 1187 608 1253 ἐν
635 1190 742 1276 τούτφ
769 1186 825 1252 καὶ
848 1190 884 1253 τὸ
912 1197 970 1271 τῆς
993 1190 1150 1273 σφαίρας.

81 1309 115 1356 10
134 1292 427 1378 ἆπολαμβοίνονσιν
450 1296 515 1379 ἄρα
538 1297 674 1359 ἔλαττον
696 1293 925 1380 ἡμισφαιρίου.

610 1496 674 1555 κή.

199 1596 393 1680 Κυλίνδρου
417 1596 679 1679 δπωσδήποτοῦν
706 1594 771 1660 ὑπὸ
800 1593 874 1671 ἐνὸς
896 1596 1042 1680 ὄμματος
1063 1597 1151 1679 δρω-

133 1699 235 1786 μένου
259 1705 395 1768 ἔλαττον
417 1701 673 1789 ἡμικυλινδρίου
697 1702 891 1786 ὀφθήσεται.

199 1812 281 1874 ἔστω
305 1810 493 1895 κύλινδρος,
516 1805 557 1875 οὗ
580 1812 662 1874 ἔστω
680 1806 820 1894 κέντρον
838 1817 896 1892 τής
914 1809 1042 1893 βάσεως
1060 1811 1098 1876 τὸ
1116 1817 1150 1876 Α

80 1927 114 1976 15
133 1927 284 1999 σημεῖον,
311 1914 367 1980 καὶ
389 1916 648 2002 περιγεγράφθω
670 1913 746 2001 περὶ
768 1917 806 1980 τὸ
829 1923 862 1980 Α
888 1917 1009 1992 κύκλος
1032 1917 1050 1982 ὁ
1074 1921 1150 2002 ΒΓ,

132 2019 188 2085 καὶ
205 2024 329 2087 κείσθω
347 2023 404 2106 ύμ-

132 2151 178 2211 μα
196 2128 233 2191 τὸ
252 2133 285 2191 Δ
303 2127 340 2192 ἐν
358 2137 404 2216 τῷ

133 2232 222 2320 αὐτῷ
262 2231 405 2322 ἐπιπέδφ
927 2262 936 2303 :

132 2341 284 2423 κείμενον
296 2348 335 2425 τῇ
350 2339 407 2423 βοί-
687 2295 853 2526 1

79 2459 113 2508 20
132 2462 183 2510 σει
210 2455 271 2511 τοῦ
292 2450 406 2512 κνλίν-
440 2466 478 2519 Δ

133 2553 217 2638 δρου
253 2564 292 2639 τῇ
324 2556 405 2638 ΒΓ,

132 2656 187 2722 καὶ
220 2658 404 2744 ἐπεζεύχθω

133 2765 197 2829 ἀπὸ
216 2774 276 2830 τοῦ
294 2771 327 2830 Δ
351 2764 405 2830 ἐπὶ

132 2873 169 2936 τὸ
203 2879 236 2936 Α
271 2870 292 2954 ἡ
324 2878 404 2955 ΔΛ,

79 2989 113 3039 25
132 2976 187 3042 καὶ
218 2979 379 3062 ήχθωσαν
410 2978 473 3043 ἀπὸ
502 2987 562 3043 τοῦ
590 2985 623 3044 Δ
655 2977 785 3055 ἀκτῖνες
812 2980 849 3044 αί
874 2984 956 3063 ΔΒ,
980 2985 1013 3043 A
1020 2983 1057 3063 Γ,
1089 2981 1148 3056 καὶ

132 3082 395 3168 ἐφαπτέσθωσαν
422 3093 482 3150 τοῦ
509 3085 648 3168 κύκλου,
677 3083 733 3150 καὶ
760 3084 962 3169 ἀνήχθωσαν
985 3084 1053 3151 ἀπὸ
1078 3100 1149 3154 τῶν

133 3195 171 3272 Β,
197 3195 229 3255 Γ
252 3195 397 3276 σημείων
423 3193 507 3278 πρὸς
529 3191 635 3277 ὀρθὰς
657 3190 798 3278 πλευραὶ
820 3201 880 3257 τοῦ
903 3193 1088 3279 κυλίνδρου
1114 3196 1152 3261 al

133 3301 211 3380 ΒΕ,
235 3301 311 3380 ΓΖ,
338 3296 393 3362 καὶ
426 3298 636 3382 ἐκβεβλήσθω
669 3302 707 3364 τό
739 3322 774 3363 τε
806 3299 863 3363 διὰ
890 3309 957 3364 τῶν
983 3304 1062 3383 ΔΒ,
1082 3305 1151 3366 ΒΕ

204 3477 228 3525 2.
250 3471 362 3527 ἔλαττον
375 3472 450 3540 vat„
470 3490 558 3543 comp.
569 3473 600 3526 B.
656 3478 679 3528 3.
701 3473 879 3544 ἐκβεβλήσθω
892 3474 990 3542 δίποδα,
1009 3489 1102 3544 comp.
1116 3475 1147 3529 B.

168 3547 194 3596 4.
215 3547 245 3612 Γ,
262 3547 297 3613 Η,
313 3544 347 3615 Β]
364 3548 451 3597 ΓΒΗ
461 3562 497 3598 m.
553 3541 636 3614 μέιρη
650 3545 724 3614 νοῒ,
739 3561 807 3599 corr.
818 3562 854 3599 m.
866 3551 890 3599 2.
946 3551 970 3598 ὁ.
987 3544 1107 3602 ἔλασσον
1122 3565 1148 3617 v,

956 2073 989 2129 Β

902 2828 934 2884 1⁷
