2424 3944
123 142 188 207 338
516 145 749 197 CATOPTRICA.

123 289 143 372 ἡ
168 288 231 353 ἀπὸ
255 297 315 352 τοῦ
339 293 383 353 M
405 287 458 352 ἐπὶ
481 290 517 353 τὸ
543 293 570 352 Ζ
595 287 735 371 κέντρον
758 288 988 371 ἐπιζευχθεῖσα
1010 287 1066 354 καὶ
1089 289 1137 355 ἐκ-

122 399 286 479 βληθεῖσα
311 395 477 479 ἀνώτερον
499 406 644 460 πεσεῖται
668 403 728 458 τοῦ
742 399 777 459 Κ
798 395 843 472 ὡς
861 397 898 460 τὸ
913 400 955 478 Λ,
978 395 999 479 ἡ
1020 393 1056 460 δὲ
1075 396 1139 461 ἀπὸ

123 510 183 564 τοῦ
206 506 245 565 Ν
264 500 317 566 ἐπὶ
340 503 377 567 τὸ
403 507 429 565 Ζ
453 501 619 586 ἀνώτερον
643 510 702 565 τοῦ
725 506 757 566 Ε
778 501 822 577 ὡς
845 504 883 566 τὸ
909 506 946 567 Θ.
985 507 1138 587 φαίνεται

48 609 52 614 ’
123 610 187 693 ἄρα
215 609 252 672 τὸ
281 613 363 673 ΜΝ
390 609 434 684 ὡς
461 610 498 673 τὸ
529 613 596 673 ΘΛ.
643 611 701 672 καί
727 608 817 672 ε’στιν
847 612 988 674 ἔλασσον
1017 611 1053 674 τὸ
1080 614 1140 674 ΘΛ

88 728 103 774 5
123 724 183 778 τοῦ
207 719 276 779 ΕΚ
296 714 351 779 καὶ
375 718 487 797 ἔγγιον
510 725 570 779 τοῦ
593 714 763 800 ἐνόπτρου.

596 964 665 1029 καθ’.

189 1109 348 1170 Λννατόν
371 1105 461 1170 ἐστιν
484 1109 646 1191 ἔνοπτρον
664 1113 973 1189 κατασκευασθῆναι
998 1107 1083 1171 ὥστε
1104 1106 1140 1170 έν

123 1220 168 1298 τῷ
193 1212 281 1299 αὐτῷ
305 1217 487 1296 φαίνεσθαι
510 1217 611 1277 πλείω
640 1216 813 1298 πρόσωπα,
841 1213 881 1276 τώ
909 1209 969 1297 μὲν
997 1216 1139 1297 μείζονα,

124 1320 164 1382 τὰ
187 1316 224 1382 δὲ
247 1317 420 1401 ἐλάσσονα,
443 1319 498 1383 καὶ
520 1321 559 1383 τὰ
577 1316 638 1403 μὲν
656 1323 779 1402 έγγιον,
801 1321 841 1384 τὰ
860 1316 897 1384 δὲ
915 1321 1138 1406 πορρώτερον,

72 1437 105 1485 10
124 1423 179 1488 καὶ
202 1436 269 1490 τῶν
292 1423 353 1509 μὲν
375 1428 415 1489 τὰ
439 1425 529 1504 δεξιὰ
550 1425 650 1509 δεξιά,
673 1428 713 1490 τὰ
737 1423 772 1490 δὲ
796 1426 952 1511 ἀριστερὰ
972 1426 1139 1512 ἀριστερά,

123 1542 190 1596 τῶν
214 1528 250 1595 δέ
274 1534 313 1596 τὰ
337 1532 492 1618 ἀριστερὰ
516 1531 616 1616 δεξιά,
639 1533 679 1597 τὰ
702 1529 739 1597 δὲ
763 1532 852 1611 δεξιὰ
876 1533 1043 1618 ἀριστερά.

191 1659 273 1721 ἔστω
306 1659 369 1741 γὰρ
403 1658 558 1722 ἐπίπεδον
590 1660 627 1722 τὸ
660 1662 745 1740 AM.
806 1659 929 1723 οὐκοῦν
962 1657 1000 1722 έν
1031 1658 1142 1744 τούτωΙ

123 1761 244 1844 γένοιτ’
271 1763 312 1828 ἂν
339 1766 443 1850 κυρτὰ
476 1762 536 1849 μὲν
564 1768 705 1849 ἔνοπτρα
738 1756 792 1829 οἷα
823 1766 863 1829 τὰ
890 1766 1005 1846 ΑΘΓ,
1032 1767 1137 1846 &PK

123 1874 217 1933 κοῖλα
241 1866 278 1934 δὲ
302 1861 355 1933 οἷα
379 1871 418 1934 τὰ
443 1874 550 1955 ΓΔΕ,
572 1874 643 1935 ΖΗ
646 1875 684 1953 Θ,
708 1869 844 1934 ἐπίπεδα
868 1867 904 1934 δὲ
928 1861 982 1935 οἷα
1005 1870 1046 1934 τὰ
1065 1875 1137 1953 ΕΖ,

71 2712 104 2759 15
125 2705 208 2766 AM.
233 2703 388 2781 τεθέντος
402 2701 464 2771 οὖν
479 2714 539 2769 τοῦ
556 2708 746 2791 προσώπου,
765 2708 849 2772 ὅπου
868 2707 904 2771 τὸ
920 2710 964 2789 Ν,
984 2709 1140 2789 φαίνεται

124 2808 188 2873 ἀπὸ
216 2806 276 2893 μὲν
303 2823 370 2875 τῶν
398 2811 562 2876 ἐπιπέδων
591 2819 644 2876 ἴσα
673 2814 712 2878 τὰ
740 2815 861 2878 εἴδωλα
893 2810 948 2876 καὶ
977 2817 1052 2876 ἴσον
1081 2811 1139 2876 ἀπ-

124 2914 256 2998 έχοντα,
290 2916 353 2982 ἀπὸ
386 2915 422 2982 δὲ
454 2930 521 2983 τῶν
554 2930 686 3004 κυρτῶν
718 2918 878 2984 ἐλάσσονα
910 2916 966 2983 καὶ
998 2921 1141 2983 ἔλασσον

124 3021 301 3105 ἀπέχοντα,
329 3022 393 3088 ἀπὸ
422 3022 458 3088 δὲ
485 3036 553 3089 τών
575 3029 698 3090 κοίλων
722 3026 954 3108 παντοδαπῶς,
987 3025 1141 3111 καθάπερ

124 3128 294 3193 δέδεικται.

196 3435 219 3482 2.
246 3430 283 3492 ὡς
305 3429 349 3500 τό]
373 3427 423 3491 ἕως
446 3439 494 3483 τοῦ
517 3449 553 3484 m.
645 3431 681 3501 Α]
707 3446 760 3483 om.
779 3430 809 3482 M
832 3429 885 3484 lac.
905 3430 954 3485 rel.
1048 3437 1073 3487 3.
1096 3433 1142 3504 N]

125 3503 149 3552 E
172 3499 209 3555 M.
305 3501 357 3571 ὡς]
382 3499 432 3562 ἕως
455 3500 577 3555 VMvm.
669 3499 808 3573 v‹5(alt.)]¹
829 3501 863 3570 V,
893 3503 922 3555 et
944 3519 963 3555 v
988 3519 1046 3571 seq.
1072 3521 1142 3571 ταις
