2424 3944
133 856 290 942 Ponatur,
313 857 353 921 ab
378 857 471 922 ooulo
495 861 599 922 000000
624 858 736 922 ductas
755 857 857 922 lineas
876 858 953 922 ferri
972 859 1078 942 spatio

64 963 329 1049 magnibudinum
351 963 584 1050 inmensorum
608 969 640 1028 00
664 965 724 1028 sub
748 963 874 1029 uisibus
894 968 1079 1030 contentam

65 1073 206 1155 figuram
231 1091 348 1134 conum
371 1092 440 1134 esse
463 1070 620 1135 uerticem
643 1071 773 1154 quidem
794 1071 830 1134 in
849 1071 942 1136 oculo
960 1071 1080 1153 haben-

65 1181 148 1261 tem,
179 1176 285 1241 basim
317 1199 395 1242 uero
428 1179 468 1241 ad
495 1178 652 1243 terminos
683 1182 944 1263 conspectorum3
976 1183 1009 1242 00
1041 1202 1079 1243 00

64 1281 196 1366 quidem
229 1281 346 1366 uideri,
378 1284 419 1347 ad
448 1306 530 1367 quae
560 1285 651 1348 uisus
680 1283 844 1369 inciderit,
874 1306 941 1348 000
969 1290 1077 1350 autem
1114 1301 1130 1349 5

63 1387 184 1472 uideri,
216 1389 256 1451 ad
288 1409 369 1472 quae
398 1410 466 1452 000
495 1388 644 1454 inciderit
674 1391 778 1472 uisus3
812 1396 845 1454 00
873 1391 933 1454 sub
960 1391 1077 1455 maiori

64 1493 196 1577 quidem
215 1494 335 1580 angulo
353 1494 425 1559 uisa
443 1495 568 1558 maiora
586 1518 748 1581 apparere,
773 1496 833 1559 sub
856 1518 934 1560 uero
958 1497 1077 1561 minori

63 1600 206 1685 minora,
235 1601 383 1683 aequalia
411 1605 519 1666 autem
543 1602 603 1665 sub
628 1602 816 1686 aequalibus
840 1602 968 1688 angulis
992 1602 1076 1688 uisa3

62 1712 95 1771 00
125 1707 186 1771 sub
215 1707 446 1772 eleualioribus
473 1708 572 1772 radiis
604 1707 676 1772 uisa
709 1708 886 1773 eleuatiora
913 1730 1077 1795 apparere,

61 1814 124 1878 sub
161 1813 390 1879 humilioribus
427 1836 505 1879 uero
541 1814 729 1898 humiliora3
766 1820 798 1880 00
829 1815 980 1880 simililer
1015 1817 1075 1880 sub
1095 1834 1128 1882 10

60 1918 300 1984 dexterioribus
328 1920 458 2004 quidem
485 1921 584 1985 radiis
611 1921 684 1986 uisa
707 1922 889 1987 dexteriora
911 1945 1076 2008 apparere,

60 2027 124 2092 sub
144 2026 382 2091 sinistrioribus
401 2049 479 2091 uero
499 2026 695 2115 sinistriora3
719 2029 780 2092 sub
798 2029 946 2114 pluribus
966 2034 1075 2095 000010

58 2133 134 2198 uisa
157 2133 284 2218 angulis
307 2133 525 2218 perspieacius
548 2134 660 2198 uideri.
698 2135 824 2219 [omnes
848 2137 938 2201 uisus
962 2159 1075 2220 aeque·

57 2239 199 2304 uelooes.
244 2260 310 2303 000
334 2240 394 2303 sub
417 2262 609 2324 quoeunque
632 2243 752 2326 angulo
775 2265 843 2306 rem
866 2242 992 2326 uideri]

128 2371 266 2438 Nullum
288 2373 435 2437 uisorum
458 2372 555 2437 simul
578 2373 707 2437 uidetur
730 2378 847 2439 totum.
1094 2393 1126 2442 15

129 2483 200 2544 esto
229 2478 314 2543 enim
341 2477 449 2543 uisum
475 2479 605 2562 quidem
628 2481 687 2565 od,
716 2481 827 2544 oculus
851 2502 928 2545 uero
953 2485 1023 2545 0000
1047 2482 1074 2567 b,

58 2609 79 2650 a
104 2607 169 2671 quo
192 2585 337 2650 incidant
359 2586 450 2650 uisus
474 2586 605 2671 ba>b9>
624 2586 748 2672 01000.
793 2586 895 2672 igilur
919 2588 1073 2672 quoniam

133 2748 158 2797 9.
177 2741 277 2814 radiis]
296 2743 340 2809 M,
359 2741 471 2811 angulis
485 2744 523 2797 D.
580 2748 621 2796 13.
642 2760 778 2797 001000-
792 2749 832 2798 14.
848 2743 950 2815 uideri]
969 2762 1019 2798 οοι.
1031 2745 1072 2811 L;

60 2813 179 2883 quidam
197 2812 264 2867 libri
282 2813 390 2866 000000
408 2813 463 2867 isba
484 2814 538 2868 duo
557 2814 697 2884 principia
715 2817 745 2868 00
763 2815 879 2883 quidam
896 2831 954 2868 non
972 2816 1002 2868 D
1020 2833 1071 2886 my.

96 2890 139 2939 16.
160 2884 247 2956 enim]
266 2885 346 2952 ML,
369 2887 464 2938 autem
482 2886 520 2939 D.
607 2888 667 2940 0000
678 2887 758 2957 (000)]
778 2887 817 2953 L,
840 2903 889 2940 οοι.
908 2887 946 2939 D.
1030 2892 1071 2941 17.

57 2957 110 3028 blo]
129 2957 205 3024 ML,
224 2959 239 3011 b
245 2957 279 3024 fle
297 2957 335 3010 D.

76 3069 218 3077 ——a
841 3070 904 3076 -

57 3126 99 3195 uo*
123 3126 147 3179 Β
171 3127 201 3179 00
222 3124 301 3193 Vau,
330 3143 398 3181 corr.
417 3144 453 3180 m.
473 3135 497 3181 2.
589 3135 613 3182 6.
633 3113 764 3197 δεομένων
782 3146 807 3181 v.
900 3131 923 3179 7.
948 3124 996 3198 ίίν]
1017 3142 1069 3180 om.

58 3198 182 3252 Vat.¹m.
273 3201 297 3251 8.
322 3195 524 3270 προσπίπτωσι]
548 3197 751 3268 προσπίπτουσι
773 3199 894 3252 Vat.¹m.
986 3215 1070 3265 προσ-

57 3266 209 3340 πίπτωσιν]
228 3265 461 3335 προσπίπτωσιν.
549 3278 589 3325 10.
611 3269 731 3338 ὁρόμενοι
750 3288 775 3323 v.
862 3275 903 3323 11.
924 3267 1069 3340 ἐλάττονα]

57 3339 196 3394 ἐλάσσονα
214 3338 341 3394 VVabv.
420 3346 460 3395 12.
481 3339 548 3412 ὑπό]
567 3340 623 3396 ἀπό
642 3341 706 3396 Vat.
780 3347 821 3396 24.
842 3338 1070 3410 novercaretur

57 3415 86 3465 00
104 3411 180 3482 Vab,
199 3410 250 3464 sed
267 3427 336 3465 corr.
409 3411 439 3465 αἱ
459 3411 538 3482 ὄψεις
556 3412 587 3466 αὶ
604 3411 700 3467 Vabv.

874 3504 908 3556 1*
