2424 3944
301 142 511 195 orrlcorun
528 143 706 196 ancnnsm
727 144 892 197 nuncius
1038 141 1101 206 197

89 286 234 371 planum.
268 284 437 351 concident
454 285 568 372 igitur,
587 307 663 351 narn
683 290 716 351 et
732 290 802 372 ΓΒ,
815 291 882 350 ΔΒ
901 291 934 351 et
952 290 1026 372 ΓΚ,
1038 291 1104 353 ΚΔ

92 392 274 458 concidunt.
308 392 479 458 concidant
496 390 600 477 igitur
616 393 723 478 plana,
743 396 775 456 et
794 394 975 459 communis
992 416 1104 459 eornm

92 500 195 565 sectio
215 499 259 564 sit
273 502 347 563 ΒΚ.
380 499 462 584 dico,
480 498 675 583 ubicumque
696 499 808 563 oculus
821 494 857 562 in
870 504 941 564 RK
954 507 1105 588 ponatur,

88 610 220 692 partem
244 605 330 692 coni,
354 627 435 689 quae
459 609 622 691 cernatur,
645 605 812 688 aequalem
835 606 997 692 adparere.

780 716 921 795 ponatur
952 713 1039 778 enim
1070 713 1104 778 in

719 823 789 885 ΒΚ
806 820 918 885 oculus
939 825 976 905 Z,
996 823 1030 884 et
1047 841 1106 904 per

720 930 748 990 Z
786 930 894 991 rectae
929 930 999 991 ΚΔ
1034 949 1105 1012 par-

719 1033 814 1097 allela
855 1034 992 1098 ducatur
1029 1037 1104 1116 ΖΝ,

718 1144 826 1206 rectae
839 1145 948 1204 autem
958 1142 1025 1204 ΓΚ
1034 1162 1106 1224 par·

719 1246 815 1310 anea
834 1251 907 1310 za.
946 1251 1107 1332 zinza

745 1351 848 1438 igitur
880 1351 1083 1435 superficiem

719 1459 792 1524 coni
823 1459 859 1523 in
890 1463 939 1543 Ν,
965 1464 1000 1523 Σ
1032 1481 1105 1524 con·

740 1565 887 1650 tingunt3
920 1569 1088 1649 segmenta

720 1671 806 1735 enirn
825 1671 1021 1737 circulorum
1034 1694 1105 1755 par-

720 1776 888 1842 allelorum
928 1777 964 1840 in
1000 1781 1105 1842 ΒΓΔ

719 1884 889 1969 superficie
908 1884 981 1950 coni
997 1884 1106 1969 posita

721 1990 842 2054 similia
864 1994 950 2083 sunt.
995 1992 1105 2075 iaque

92 2096 282 2180 distantiae,
296 2161 301 2172 ,
316 2117 398 2179 quae
425 2095 461 2160 in
488 2100 555 2161 BA
561 2099 594 2160 Γ
621 2097 790 2183 superficie
818 2097 892 2163 coni
922 2102 1105 2182 cernuntur,
1196 2162 1198 2167 .

92 2183 245 2286 aequales
268 2203 431 2287 adparent.
472 2224 548 2267 nam
572 2203 725 2288 quoniam
749 2204 887 2290 angulus
910 2204 1007 2269 rectis
1032 2209 1107 2291 ΖΣ,

93 2314 169 2375 ΖΝ
183 2308 433 2394 comprehensus
452 2309 571 2394 angulo
590 2310 687 2374 rectis
701 2313 776 2395 ΚΔ,
790 2314 860 2375 ΚΓ
874 2311 1105 2395 comprehenso

92 2416 238 2501 aequalis
271 2419 335 2501 est,
367 2415 522 2479 distantia
552 2421 629 2481 ΣΝ
654 2416 690 2480 in
722 2439 803 2482 cono
836 2417 1009 2482 distantiae
1039 2423 1073 2482 A
1079 2421 1111 2482 Γ

92 2522 239 2608 aequalis
258 2523 400 2606 adparet.
439 2543 517 2607 ergo
536 2521 731 2605 ubicumque
751 2522 863 2588 oculus
880 2523 916 2587 in
934 2527 1022 2588 recta
1039 2527 1105 2588 KB

91 2630 236 2716 ponitur,
255 2650 340 2715 pars,
358 2650 439 2711 quae
459 2627 610 2712 cernitur,
629 2650 757 2713 semper
770 2629 914 2713 aequalis
928 2629 1106 2714 adparebit.

574 2895 627 2960 33.

163 3037 264 3104 Oculo
287 3057 365 3101 uero
389 3057 515 3120 semper
537 3034 623 3099 idern
647 3036 790 3120 spatium
813 3059 832 3100 a
855 3058 936 3102 cono
955 3037 1107 3123 distante,

92 3148 123 3213 si
148 3143 296 3210 sublimis
324 3142 436 3208 oculus
464 3142 609 3227 ponitur,
636 3165 711 3227 pars
735 3142 823 3229 coni,
850 3165 931 3227 quae
955 3145 1107 3232 cernitur,

92 3253 203 3318 minor
226 3251 369 3337 adparet,
392 3248 421 3312 si
444 3247 623 3335 demissior,
646 3248 759 3314 maior.

162 3377 206 3442 sit
230 3375 316 3440 enim
340 3373 413 3440 coni
436 3378 549 3438 uertex
572 3374 612 3437 ad
635 3377 793 3458 punctum
815 3380 861 3459 A,
886 3374 973 3440 basis
997 3379 1106 3441 autern

92 3484 235 3552 circulus
258 3484 330 3566 ΒΓ,
353 3482 552 3564 duceturque
575 3483 610 3544 K
615 3484 643 3545 Θ
665 3485 771 3546 rectae
794 3485 859 3545 BA
880 3481 1048 3570 parallela,
1073 3487 1107 3548 et
