2424 3944
131 163 175 226 94
472 154 642 213 EUOLIDIS
662 159 800 212 OPTIOA.

132 306 259 391 δέχεται
291 309 352 391 τὴν
382 306 447 371 ὑπὸ
479 315 546 369 τῶν
573 307 608 367 K
612 308 684 396 ΖΑ.
739 301 899 385 ἐφάψεται
928 303 969 384 δή
997 311 1055 384 τής
1082 305 1153 366 ΒΓ

131 415 280 498 εὐθείας,
304 413 475 496 ἐπειδήπερ
500 410 544 487 ὡς
566 408 586 491 ἡ
608 412 677 473 ΚΓ
699 409 782 492 πρὸς
805 409 866 490 τήν
890 411 966 491 ΓΖ,
996 407 1101 483 οὕτως
1125 407 1148 490 ἡ

133 526 194 586 ΓΖ
212 523 295 606 πρὸς
308 522 368 604 τήν
384 523 452 585 ΓΛ.

131 631 255 693 κείσθω
267 628 308 710 δή
319 629 355 692 τὸ
366 628 454 711 ὄμμα

97 747 113 795 5
133 734 185 799 ε’πί
195 742 254 799 τοῦ
265 738 293 797 Β
306 738 453 819 σημείου,

132 839 187 906 καί
214 842 454 925 προσεκβεβλή-

59 975 63 982 ·
133 954 271 1012 σθωσαν
306 949 342 1012 αί
371 951 453 1030 ΛΒ,

133 1057 207 1118 ΒΚ.
223 1053 405 1137 ἐπεζεύχθω
417 1050 454 1118 δὲ

133 1159 241 1242 ήΣΛ.
261 1160 385 1224 οὐκοῦν
399 1167 453 1243 ίσή

81 1265 153 1349 1οή
184 1271 215 1329 Φ
242 1270 347 1348 γωνιά
374 1277 413 1351 τῇ
442 1273 476 1331 Σ
500 1271 618 1354 γωνίᾳ·
651 1267 687 1332 ἐν
714 1267 778 1352 γὰρ
811 1275 856 1354 τῷ
887 1266 976 1354 αὐτῷ
1004 1268 1152 1351 τμήματί

133 1375 227 1438 εἰσιν.
276 1377 335 1437 καί
360 1372 450 1438 ἐστιν
476 1373 496 1456 ή
525 1378 560 1436 Σ
583 1382 641 1455 τῆς
668 1377 697 1436 Β
725 1376 849 1455 γωνίας
876 1375 1007 1456 μείζων·
1040 1370 1098 1436 καὶ
1127 1373 1148 1456 ἡ

136 1485 167 1543 Φ
194 1481 258 1564 ὄρα
285 1482 390 1561 γωνία
417 1484 525 1562 τήςΒ
553 1483 672 1564 μείζων
696 1479 794 1544 ἐστίν.
831 1488 891 1543 τοῦ
915 1480 979 1564 ὄρα
1002 1481 1150 1563 ὄμματος

134 1584 186 1650 ε’πί
205 1595 265 1650 τοῦ
281 1590 308 1649 Ζ
327 1588 423 1662 ὄντος
441 1589 550 1671 μεῖζον
564 1590 716 1670 φαίνεται
730 1588 768 1651 τὸ
782 1590 848 1651 ΚΛ
866 1588 947 1670 ήπερ
966 1583 1018 1650 ἐπὶ
1033 1594 1093 1650 τοῦ
1109 1591 1148 1651 Β.

608 1805 653 1865 μί’
668 1830 675 1845 ·

82 1919 114 1969 15
197 1907 254 2004 ΙΤὸ
274 1904 305 1970 δ’
322 1905 402 1969 αὐτὸ
422 1907 632 1989 συμβήσεται,
649 1904 713 1970 κᾶν
730 1904 938 1991 παράλληλος
956 1899 977 1991 ᾖ
995 1904 1015 1987 ἡ
1031 1905 1149 1983 εὐθεῖα

134 2015 266 2098 γραμμή
289 2022 334 2100 τῷ
359 2010 513 2099 ὁρωμένῳ
538 2010 679 2096 μεγέθει.

201 2122 283 2183 ἔστω
308 2117 477 2203 ὁρώμενον
500 2117 640 2202 μέγεθος
659 2119 696 2183 τὸ
715 2122 780 2182 ΑΒ
803 2115 859 2182 καί
877 2120 1050 2202 τετμήσθω
1070 2119 1149 2203 δίχα

132 2226 215 2290 κατὰ
238 2227 275 2289 τὸ
298 2230 330 2289 E
355 2236 505 2309 σημεῖον,
537 2222 591 2288 καί
620 2223 756 2307 ἀνήχθω
784 2224 848 2288 ἀπὸ
876 2233 935 2288 τοῦ
959 2230 991 2289 Ε
1016 2233 1056 2311 τῇ
1080 2230 1148 2290 ΑΒ

132 2333 215 2416 πρὸς
238 2331 344 2414 ὀρθὰς
367 2330 479 2415 ήΕΖ,
502 2329 556 2415 ἐφ’
577 2325 616 2413 ἧς
634 2332 721 2415 ὄμμα
739 2334 863 2395 κείσθω
883 2332 920 2395 τὸ
941 2335 978 2414 Ζ,
1001 2329 1057 2395 καὶ
1077 2331 1149 2397 ἐπε-

79 2451 114 2499 20
134 2440 325 2522 ζεύχθωσαν
344 2438 472 2502 εὐθεῖαι
486 2438 524 2502 αί
541 2442 612 2521 ΖΑ,
628 2442 700 2521 ΖΒ,
723 2434 778 2502 καὶ
796 2436 1055 2521 περιγεγράφθω
1070 2437 1149 2523 περὶ

132 2547 169 2610 τὸ
197 2549 298 2610 ΑΖΒ
330 2547 494 2629 τρίγωνον
526 2553 635 2628 τμήμα
662 2545 699 2608 τὸ
727 2547 842 2625 ΑΖΒ,
874 2541 929 2606 καὶ
963 2544 1056 2626 ήχθω
1092 2545 1150 2610 διὰ

132 2661 191 2715 τοῦ
216 2656 243 2715 Ζ
266 2660 306 2737 τή
329 2655 394 2716 ΑΒ
418 2651 627 2735 παράλληλος
649 2649 669 2732 ἡ
696 2654 775 2731 ΖΛ,
798 2647 854 2713 καὶ
877 2653 1085 2733 μετακείσθω
1111 2653 1149 2717 τὸ

132 2760 219 2842 ὄμμα
243 2756 296 2823 ἐπὶ
320 2758 357 2822 τὸ
379 2763 427 2841 Α,
454 2755 509 2822 καὶ
537 2754 832 2841 προσπιπτέτωσαν
860 2755 989 2831 ἀκτῖνες
1012 2759 1049 2822 αί
1071 2764 1150 2843 ΑΛ,

131 2869 207 2929 ΔΒ.
245 2863 339 2947 λέγω,
363 2864 413 2928 ὄτι
437 2862 500 2928 ἀπὸ
524 2874 591 2928 τῶν
609 2868 651 2945 Δ,
673 2867 700 2925 Ζ
723 2863 821 2926 ὄνισα
845 2864 1037 2946 φανήσεται.
1077 2863 1151 2930 ἕπε-

78 2982 112 3030 25
133 2972 259 3054 ζεύχθω
283 2969 303 3053 ή
327 2974 407 3034 ΑΗ.
453 2967 522 3034 ἐπεὶ
550 2965 612 3034 οὗν
640 2975 693 3051 ἴση
721 2971 826 3050 γωνία
850 2967 870 3051 ή
893 2967 957 3033 ὑπὸ
982 2973 1085 3034 ΑΖΒ
1110 2980 1150 3056 τή

204 3171 227 3218 1.
247 3160 368 3234 δέχεται]
389 3159 532 3232 συνέχεται
550 3161 630 3215 codd.
703 3160 766 3232 τήν]
786 3177 839 3215 om.
855 3160 935 3215 codd.
1008 3163 1080 3234 τῶν]
1098 3171 1151 3218 τοῦ

132 3234 211 3289 codd.
297 3233 345 3305 δή]
363 3233 393 3286 in
411 3249 465 3287 ras.
485 3232 517 3287 V.
608 3238 633 3287 2.
653 3233 726 3303 KP]
748 3230 890 3287 Finras.
911 3230 943 3286 V.
1036 3238 1061 3287 3.
1084 3235 1152 3306 ΓΖ]

131 3305 161 3358 in
179 3323 232 3359 ras.
253 3304 285 3359 V.
356 3306 416 3376 ΓΛ]
436 3303 466 3356 in
485 3320 539 3358 ras.
558 3303 592 3358 V.
665 3310 688 3357 6.
709 3303 959 3374 προσεκβεβλήσθω
978 3321 1004 3370 v,
1024 3306 1054 3357 et
1073 3304 1151 3374 Vat„

132 3392 199 3430 eorr.
220 3395 255 3431 m.
274 3382 297 3430 2.
372 3381 413 3430 10.
434 3377 474 3447 Σ]
495 3392 562 3429 corr.
583 3391 616 3427 ex
637 3379 713 3428 Fm.
730 3381 745 3427 2
764 3374 828 3428 Vae.
904 3381 944 3428 11.
966 3373 1018 3428 εἰσι
1036 3392 1102 3445 vm,
1123 3381 1154 3431 et

132 3446 205 3515 vat„
229 3463 297 3500 corr.
316 3465 352 3502 m.
373 3454 396 3502 2.
488 3447 526 3518 Β]
545 3447 610 3514 post
628 3463 682 3500 ras.
704 3451 717 3499 1
738 3444 792 3499 litt.
813 3446 845 3499 V.
939 3451 980 3499 12.
1006 3448 1105 3514 μεῖζον
1124 3466 1150 3503 v.

168 3515 224 3571 ἐστί
242 3517 370 3572 Βεθτω,
428 3523 468 3572 13.
488 3525 537 3571 τοῦ
553 3516 635 3587 (alt.)]
655 3516 686 3570 τό
705 3535 731 3571 v,
794 3521 834 3571 14.
854 3516 915 3587 μγ]
935 3532 988 3602 ραι.
1004 3535 1030 3586 v,
1050 3520 1101 3588 νγ’
1117 3520 1150 3590 V,
