2424 3944
433 159 605 212 >aceruus
625 160 760 217 orrici.
1061 162 1103 226 79

91 300 252 365 diametro
277 301 420 385 aequalis
442 302 478 366 rc
501 308 533 367 et
558 304 720 370 diuidatur
737 306 772 370 in
790 307 853 370 duo
873 329 975 390 aequa
994 329 1104 371 secun-

90 407 172 471 dum
194 408 380 473 sectionem.
425 410 636 494 protrahatur
659 434 678 475 a
700 417 820 495 puncto
844 413 949 477 medio
972 435 1105 498 perpen-

90 513 245 578 dicularis
273 536 345 600 mc,
373 520 405 580 et
433 516 477 580 sit
505 517 648 601 aequalis
671 538 730 582 mc
757 523 846 583 recta
871 523 979 584 rectae
1003 520 1044 603 a,
1072 522 1104 582 et

90 620 296 684 describatur
314 621 399 686 circa
417 622 453 686 kl
477 626 509 686 et
527 643 550 686 rc
573 623 674 688 sectio
694 623 806 690 circuli
824 625 895 689 ccl.
928 629 977 690 est
996 629 1105 689 autem

90 725 201 791 minor
224 727 438 814 semicirculo,
461 728 614 812 quoniam
638 751 697 795 mc
719 731 826 795 minor
849 735 899 796 est
922 754 959 795 ea
982 754 1063 815 quae
1087 753 1103 796 e
1141 747 1157 796 5

90 1956 215 2018 centro.
253 1952 315 2017 erit
339 1958 447 2018 autem
467 1954 506 2017 ad
524 1974 547 2015 rc
570 1951 709 2038 angulus
729 1955 900 2017 contentus
920 1953 978 2017 sub
998 1953 1053 2039 bro,
1067 1954 1105 2018 cl

91 2057 238 2142 aequalis
268 2059 297 2123 ei
326 2060 381 2143 qui
409 2060 449 2124 ad
477 2065 491 2123 t
521 2062 674 2124 contento
707 2059 767 2123 sub
793 2064 843 2143 pt,
866 2061 910 2124 td.
966 2059 1105 2144 amplius

87 2165 197 2230 iaceat
220 2165 250 2230 ei
274 2188 354 2250 quae
375 2170 425 2230 est
444 2166 503 2230 sub
523 2166 574 2230 eit
595 2165 738 2249 aequalis
757 2166 817 2230 sub
836 2165 927 2252 loma,
950 2170 983 2230 ct
1001 2166 1106 2231 iaceat

90 2273 121 2337 ei
150 2294 232 2355 quae
261 2276 311 2336 est
338 2273 369 2336 a
400 2271 544 2354 aequalis
571 2293 643 2357 mc,
670 2276 703 2336 et
730 2272 932 2337 describatur
962 2271 1047 2338 circa
1069 2273 1105 2338 kt

90 2383 125 2443 et
151 2399 174 2442 rc
201 2382 358 2462 punctum
384 2377 447 2442 ccc
475 2377 586 2443 sectio,
637 2383 686 2443 est
719 2400 796 2464 ergo
825 2379 866 2442 ad
893 2399 916 2442 a
946 2384 1156 2463 punctum10

91 2485 232 2570 angulus
261 2488 433 2549 contentus
457 2482 603 2549 subicior
630 2483 772 2568 aequalis
796 2485 826 2548 ei
849 2484 905 2567 qui
929 2485 1005 2548 adt
1030 2506 1104 2549 con-

89 2595 184 2656 tento
208 2591 268 2655 sub
292 2596 352 2656 tre.
390 2590 528 2674 amplius
552 2590 656 2655 iaceat
675 2589 705 2654 ei
724 2588 779 2673 qui
799 2591 859 2654 sub
883 2591 939 2655 ait
959 2589 1104 2675 aequalis

91 2697 148 2781 qui
177 2698 237 2762 sub
266 2697 357 2782 bruc,
382 2697 550 2780 iaceatque
578 2719 632 2762 mo
655 2697 684 2761 ei
713 2719 795 2780 quae
820 2701 869 2761 est
891 2698 923 2761 it
951 2697 1104 2783 aequalia,

91 2809 126 2869 et
161 2803 362 2869 describatur
394 2803 480 2868 circa
506 2802 541 2866 cl
574 2807 606 2866 et
638 2824 655 2867 o
686 2806 843 2887 puuctum
875 2802 986 2866 sectio.
1041 2802 1103 2866 erit

90 2914 202 2975 autem
230 2909 286 2994 qui
314 2910 394 2975 ado
423 2909 561 2995 angulus
590 2913 762 2974 contentus
791 2909 851 2973 sub
874 2908 932 2973 cor
959 2909 1102 2993 aequalis
1124 2931 1155 2978 15

90 3015 121 3080 ei
146 3016 202 3100 qui
226 3015 266 3080 ad
290 3020 303 3079 t
329 3019 482 3080 contento
512 3015 571 3079 sub
595 3014 668 3100 cto,
696 3014 751 3098 qui
774 3036 852 3078 uero
882 3015 922 3078 ad
944 3035 966 3078 x
993 3015 1023 3079 ei
1047 3016 1102 3098 qui

91 3122 133 3186 ad
157 3127 177 3206 t,
201 3126 354 3186 contento
378 3143 456 3186 uero
480 3122 540 3186 sub
564 3127 626 3207 etr,
649 3121 753 3186 maior
776 3143 853 3207 ergo
873 3121 1042 3205 apparebit
1060 3121 1103 3186 ob

164 3381 188 3430 9.
209 3378 292 3448 quae]
312 3375 360 3445 qui
379 3377 417 3431 D.
479 3375 565 3447 circa]
584 3377 615 3431 m
632 3393 687 3431 ras.
707 3376 744 3430 D.
819 3381 860 3430 10.
879 3378 1014 3445 punctum
1025 3377 1102 3447 (Μ

88 3450 197 3516 puncto
216 3448 253 3503 D.
315 3449 432 3503 11.ch
458 3448 586 3503 sorici.
649 3448 839 3518 12.tze]scr.
860 3454 915 3503 etz.
993 3447 1102 3519 ei],mp.

89 3519 220 3574 ΜΒ.
295 3524 336 3573 13.
356 3535 428 3587 quae
460 3518 509 3587 qui
527 3518 564 3572 D.
640 3519 972 3590 17.co]m9.m.11).
