2424 3944
126 147 189 213 138
350 150 506 203 SCHOLIA
523 151 563 201 IN
579 149 749 202 EUCLIDIS
769 148 907 201 OPTIOA.

124 291 179 357 καῖ
201 292 221 376 ή
241 297 303 358 ΕΖ
326 302 365 379 τῇ
387 297 457 359 ΓΛ·
480 292 577 376 βάσις
596 295 660 380 ἄρα
680 293 700 376 ή
720 295 787 357 ΕΓ
805 292 899 375 βάσει
922 301 963 378 τῇ
985 290 1053 366 ΛΞ
1073 296 1143 375 ἴση,

125 398 180 465 καῖ
203 402 240 465 αἴ
261 398 374 465 λοιπαὶ
399 403 517 481 γωνίαι
539 410 611 476 ταῖς
635 404 765 475 λοιπαῖς
788 401 936 481 γωνίαις·
961 403 1018 481 ἴση
1038 397 1143 482 ἄραή

124 507 190 573 ὑπὸ
219 511 316 572 ΓΕΖ
348 515 387 591 τῇ
415 506 479 570 ὑπὸ
510 506 621 579 AEN.
677 506 734 570 διὰ
761 506 801 570 τὰ
829 504 917 570 αὐτοὶ
944 503 1000 570 καῖ
1028 504 1048 587 ἡ
1075 505 1144 570 ὑπὸ

129 619 227 678 ΖΕΔ
255 619 308 696 ἴση
335 623 374 699 τῇ
397 613 462 678 ὑπὸ
487 611 606 686 ΝΞΜ.
653 613 712 696 ὅλη
736 614 801 700 ἄρα
823 611 843 694 ή
867 611 932 677 ὑπὸ
957 616 1059 677 ΓΕΔ
1087 618 1144 696 ἴση

92 735 108 784 σ
128 719 196 785 ἐστὶ
219 729 258 804 τή
281 720 346 785 ὑπὸ
371 720 488 794 ΛΞΜ.

194 847 245 909 66.
272 843 388 910 Ἔσται
417 845 458 929 δή
486 847 545 909 καί
568 867 599 928 p.
620 844 675 929 74,
695 844 730 928 8]
757 842 826 909 ἐπεὶ
849 843 869 927 ή
893 847 962 908 ΗΖ
991 849 1046 927 ἴση
1071 840 1143 909 ἐστὶ

128 962 166 1036 τῇ
182 955 262 1034 ΛΝ,
280 950 300 1033 ή
321 948 357 1016 δὲ
373 955 437 1015 ΖΕ
454 949 598 1034 ὑπετέθη
618 957 673 1034 ἴση
692 962 732 1037 τή
745 956 826 1034 ΝΟ,
844 948 899 1015 καῖ
918 950 938 1034 ἡ
957 950 1022 1016 ὑπὸ
1038 953 1147 1015 ΗΖΕ

129 1064 183 1141 ἴση
206 1068 245 1143 τῇ
269 1057 334 1122 ὑπὸ
358 1062 474 1141 ΛΝΟ,
498 1061 589 1122 ἔσται
613 1056 668 1122 καῖ
692 1058 712 1142 ἡ
731 1060 806 1122 ΕΗ
822 1058 918 1141 βασις
942 1063 996 1140 ἴση
1020 1065 1060 1141 τή
1083 1062 1145 1122 ΟΛ

127 1162 182 1228 καὶ
209 1166 246 1229 τὸ
275 1167 439 1249 τρίγωνον
467 1173 512 1252 τῷ
541 1165 692 1251 τριγώνῳ
725 1161 781 1228 καῖ
808 1162 829 1246 ἡ
856 1164 921 1229 ὑπὸ
949 1168 1054 1228 ΗΕΖ
1088 1170 1144 1248 ἴση

76 1285 110 1334 10
128 1281 167 1357 τή
193 1271 258 1335 ὑπὸ
282 1275 396 1335 ΛΟΝ.
444 1269 513 1336 ἐπεὶ
540 1267 602 1336 οὖν
632 1271 775 1336 εὐθειῶν
803 1281 870 1335 τῶν
893 1275 1065 1355 ΕΖ,οΝ
1090 1269 1143 1336 ἐπ’

127 1378 269 1443 εὐθειῶν
302 1384 488 1443 σταθεισῶν
520 1380 696 1460 γεγόνασιν
730 1379 768 1441 αἴ
797 1377 862 1442 ὑτιὸ
891 1380 1011 1461 ΗΖΕ,
1037 1381 1145 1443 ΛΝΟ

127 1491 206 1568 ἴσαι,
228 1483 284 1549 καὶ
307 1486 344 1550 αἴ
365 1483 478 1549 λοιπαὶ
501 1487 538 1549 αἴ
558 1484 623 1550 ὑπὸ
643 1489 675 1548 Ε
681 1489 755 1568 ΖΘ,
776 1488 848 1550 ΟΝ
849 1489 894 1548 Μ
911 1491 981 1549 ἴσαι
1002 1487 1146 1550 ἔσονται.

127 1590 182 1657 καῖ
205 1589 274 1656 ἐπεὶ
297 1590 317 1674 ή
341 1596 414 1675 ΕΖ,
435 1595 499 1656 ΖΘ
521 1598 575 1674 ἴση
601 1590 669 1655 ἐστὶ
693 1601 732 1678 τῇ
753 1596 831 1674 ΟΝ,
850 1595 940 1665 ΝΜ,
963 1589 1019 1656 καῖ
1038 1595 1146 1674 γωνία

128 1697 236 1781 ἡειὸ
260 1702 360 1762 Em
388 1703 440 1780 ἴση
470 1709 509 1783 ιη
536 1698 601 1762 ὑπὸ
627 1702 754 1780 οΝΜ,
786 1697 883 1781 βασις
909 1696 930 1780 ἡ
954 1702 1021 1761 τε
1049 1698 1146 1781 βάσει

76 1819 109 1871 15
128 1813 167 1888 τῇ
192 1809 270 1869 ΟΜ
293 1810 347 1887 ἴση
374 1802 429 1869 καὶ
452 1806 489 1869 τὸ
512 1806 677 1890 τρίγωνον
705 1813 751 1891 τῷ
774 1804 925 1890 τριγώνῳ
953 1801 1009 1867 καῖ
1033 1802 1053 1886 ἡ
1078 1804 1145 1870 ὑπὸ

130 1915 228 1974 ΖΕΘ
256 1916 310 1993 ἴση
334 1919 373 1995 τῇ
396 1911 461 1976 ὑπὸ
485 1915 606 1976 NOM.
655 1911 714 1993 ὅλη
738 1912 802 1997 ἄρα
825 1911 845 1994 ἡ
869 1909 934 1975 ὑπὸ
957 1913 1065 1974 ΗΕΘ
1090 1916 1144 1995 ἴση

128 2026 167 2102 τῇ
190 2016 254 2080 ὑτιὸ
279 2020 398 2081 ΛΟΜ

196 2141 247 2205 67.
278 2137 365 2204 Ἐπεὶ
388 2137 450 2206 οὖν
473 2143 591 2225 μείζων
615 2139 705 2206 ε’στῖν
727 2140 748 2224 ή
771 2144 855 2227 πρός
877 2143 984 2225 p.74‚
1006 2140 1063 2226 15]
1089 2142 1145 2207 διὰ

130 2247 166 2311 τὸ
199 2244 253 2329 νβ’
281 2255 341 2311 τοῦ
371 2246 404 2329 γ’
432 2258 499 2312 τῶν
527 2252 719 2332 Στοιχείων.
773 2247 826 2314 ἐπὶ
858 2258 916 2333 τῆς
948 2248 1051 2333 αὐτῆς
1079 2250 1144 2336 γὰρ

77 2369 112 2418 20
130 2353 264 2429 εὐθείας
287 2353 349 2417 δύο
369 2353 465 2437 ὅμοια
483 2356 633 2438 τμήματα
651 2356 783 2420 κύκλων
802 2355 842 2420 οὐ
862 2356 1145 2441 συσταθήσονται,

130 2460 227 2544 ὅμοια
255 2456 292 2524 δὲ
320 2461 469 2543 τμήματα
495 2461 627 2525 κύκλων
655 2462 737 2525 κατὰ
764 2462 823 2526 τὸν
846 2461 927 2546 ὅρον
954 2469 1014 2524 τοῦ
1039 2460 1145 2526 αὐτοῦ

129 2570 262 2650 βιβλίου
285 2567 325 2631 τὰ
344 2566 503 2651 δεχόμενα
522 2571 645 2649 γωνίας
665 2573 746 2644 ἴσας.
783 2568 833 2632 ὅτι
853 2563 890 2632 δὲ
907 2566 928 2650 ἡ
947 2567 1031 2653 πρὸς
1048 2576 1096 2655 τῷ
1117 2568 1147 2642 Ξ

130 2677 247 2757 μείζων
270 2683 328 2758 τής
345 2674 429 2759 πρὸς
447 2683 492 2762 τῷ
514 2679 542 2738 0
564 2672 620 2738 καῖ
638 2674 739 2739 πάλιν
758 2674 840 2757 αὕτη
859 2683 917 2758 τῆς
934 2675 1018 2759 πρὸς
1036 2683 1083 2762 τῷ
1102 2680 1146 2759 Π,

130 2780 340 2864 δειχθήσεται
363 2780 419 2843 διὰ
441 2789 499 2863 τῆς
519 2779 650 2858 δείξεως
667 2789 727 2845 τοῦ
745 2778 800 2864 νβ’
819 2790 878 2845 τοῦ
901 2778 935 2862 γ’
954 2790 1022 2844 τῶν
1042 2784 1145 2846 Στοι-

79 2902 113 2951 25
132 2889 239 2969 χείων.

198 3011 249 3076 68.
283 3014 433 3094 Μεγίστη
462 3007 499 3075 δὲ
526 3010 546 3093 ή
571 3011 601 3084 Ξ
625 3035 655 3095 p.
681 3012 732 3095 76,
756 3012 790 3096 6]
819 3012 876 3076 διὰ
902 3011 940 3075 τὸ
969 3014 1081 3095 λῆμμα
1103 3013 1147 3077 ,τὸ

132 3143 157 3149 ...
167 3143 343 3154 ,ἡ

202 3228 243 3277 66.
263 3223 308 3277 V'.
383 3228 424 3277 67.
444 3222 490 3277 W.
565 3227 606 3277 68.
626 3219 674 3277 Vb.

203 3443 226 3491 3.
247 3434 307 3507 διαί]
326 3435 378 3490 bis.
455 3436 486 3507 ή]
506 3453 559 3490 om.
642 3443 666 3490 4.
688 3438 783 3508 ΓΕΔ]
805 3439 894 3489 ΓΖΔ.
980 3432 1149 3515 7.y)(alt.)]

132 3523 184 3561 om.
259 3512 299 3561 13.
322 3507 385 3578 ΖΘ]
408 3511 467 3562 ΖΔ,
540 3508 585 3579 τη]
605 3523 619 3560 e
639 3523 706 3561 corr.
781 3512 822 3561 16.
843 3504 887 3576 ἴση
902 3505 976 3576 (pr.)]
994 3505 1049 3559 b1s.

69 3660 129 3716 h.
