2424 3944
141 178 203 242 128
366 179 522 232 SGHOLIA
538 180 579 238 IN
596 179 765 233 EUOLIDIS
784 180 921 234 OPTIOA.

139 323 160 406 ἡ
183 324 248 388 ὑπὸ
272 328 387 388 ΠΡΑ·
415 322 553 407 ἀμβλεῖα
575 324 653 409 γάρ·
681 324 701 406 ἡ
724 325 787 409 γὰρ
811 329 879 389 AP
901 325 984 409 πρὸς
1006 326 1070 408 τὴν
1093 325 1157 398 ΡΞ

144 428 234 495 ἐστιν
256 430 355 515 ὀρθή,
379 428 419 492 οὐ
441 430 508 513 μὴν
530 426 585 493 καὶ
608 430 691 513 πρὸς
713 431 773 513 τὴν
792 433 870 513 ΠΒ,
894 429 944 493 ὅτι
967 426 1051 513 μηδὲ
1069 432 1154 517 πρὸς

140 538 177 601 τὸ
197 537 353 602 ἐπίπεδόν
372 535 463 600 ἐστιν
481 535 580 622 ὀρθή,
604 536 659 601 ἵνα
677 534 732 601 καὶ
750 537 834 622 πρὸς
851 536 958 613 πάσας
975 537 1035 613 τὰς
1054 537 1155 602 ἀπτο-

140 642 241 728 μένας
267 653 344 728 ποιῇ
373 641 479 728 ὀρδδις
506 645 643 725 γωνίας,
672 642 754 707 ἀλλά
781 641 925 708 κέκλιται
953 644 1155 730 πρὸςαάτό,

106 765 122 813 ο
141 753 199 814 καί
219 748 309 813 ἐστιν
331 747 351 831 ἡ
375 752 481 826 κλίσις
503 747 592 827 ὀξεῖα
614 753 720 832 γωνία
742 749 763 833 ἡ
786 751 851 815 ὑπὸ
874 755 985 815 ΒΡΑ·
1013 749 1155 835 ἀμβλεῖα

141 859 205 941 ἀρα
229 855 249 937 ἡ
272 855 336 921 ὑπὸ
360 861 471 922 ΠΡΑ.
518 860 637 941 μείζων
664 859 728 943 ἀρα
751 857 771 941 ἡ
795 863 867 922 ΠΛ
893 867 952 941 τῆς
974 862 1055 922 ΑΡ·
1088 857 1154 923 ὑπὸ

143 963 206 1046 γάρ
234 964 295 1046 τὴν
321 966 452 1048 μείζονα
479 967 606 1046 γωνίαν
633 964 653 1048 ἡ
681 968 797 1049 μείζων
824 965 950 1051 πλενρά
977 965 1155 1030 ὑποτείνει.

141 1072 260 1153 μείζων
284 1066 320 1134 δὲ
342 1068 397 1135 καὶ
420 1069 440 1152 ἡ
460 1076 536 1136 AN
554 1080 613 1155 τῆς
630 1071 710 1145 ΛΞ·
735 1069 804 1136 ἐπεὶ
822 1073 885 1158 γὰρ
905 1073 942 1136 αι’
957 1071 1022 1136 ὑπὸ
1042 1077 1156 1137 ΝΠΑ

142 1173 198 1240 καὶ
220 1177 285 1242 ὑπὸ
305 1178 400 1252 ΞΡΑ
423 1176 527 1262 ὀρθαί
548 1181 643 1261 εἰσιν,
667 1177 800 1262 ἐδείχθη
825 1175 862 1243 δὲ
880 1177 900 1261 ἡ
919 1182 991 1258 ΠΛ
1014 1187 1073 1262 της
1091 1182 1160 1243 ΑΡ

92 1297 125 1347 10
143 1287 273 1368 μείζων·
298 1285 380 1349 ὥστε
402 1283 457 1349 καὶ
481 1287 518 1350 τὸ
541 1287 884 1372 παραλληλόγραμμον
906 1285 944 1350 τὸ
962 1266 1027 1348 ὑπὸ
1047 1289 1087 1349 Ν
1088 1288 1157 1348 HA

142 1500 273 1581 μείζων·
307 1498 476 1583 διάμετροι
503 1497 543 1563 δέ
564 1501 628 1564 είσι
656 1509 723 1564 τῶν
745 1499 1099 1585 παραλληλογράμμων
1123 1498 1160 1562 αἱ

142 1609 224 1688 ΝΑ,
244 1604 321 1679 ΞΑ·
354 1605 453 1689 ἡμίση
477 1607 539 1690 γάρ
562 1606 697 1687 τούτων,
713 1607 754 1670 τὰ
775 1609 930 1692 τρίγωνα.
977 1605 1075 1688 ὥστε,
1099 1602 1158 1668 ἐὰν

143 1709 243 1793 ἡΡΞ
257 1723 403 1776 πεσεῖται
423 1710 476 1776 ἐπὶ
494 1714 555 1796 τὴν
569 1717 653 1796 ΠΝ,
673 1711 866 1798 ἐφαρμόσει·
887 1718 941 1795 ίση
960 1712 1023 1797 γὰρ
1038 1712 1156 1796 ταύτῃ·

92 1831 125 1880 15
144 1816 199 1882 καὶ
222 1819 259 1882 αι’
275 1823 344 1902 ΡΑ,
362 1819 430 1891 ΑΞ
450 1817 543 1895 ἐντὸς
564 1827 743 1884 πεσοῦνται
766 1829 833 1883 τῶν
852 1823 934 1902 ΛΠ,
953 1822 1040 1882 ΑΝ·
1066 1817 1157 1883 ἐλάτ-

146 1947 240 2001 τονες
262 1927 325 2010 γάρ
349 1924 467 1989 αὐτῶν.
506 1926 588 1990 ὥστε
612 1926 668 1990 διά
690 1926 727 1990 τὸ
750 1924 805 1989 κα’
828 1933 888 1989 τοῦ
911 1922 945 1989 α’
968 1935 1037 1989 τῶν
1057 1929 1157 1989 Στοι-

146 2035 244 2114 χείων
266 2034 385 2115 μείζων
408 2034 499 2096 ἔσται
517 2032 537 2116 ἡ
555 2032 620 2097 ὑπὸ
640 2032 734 2106 ΡΑΞ
754 2034 860 2116 γωνία
878 2040 936 2115 τῆς
953 2031 1018 2096 ὑπὸ
1039 2035 1156 2097 ΠΛΝ.

211 2138 261 2202 ὅτι
276 2132 313 2201 δὲ
326 2136 346 2219 ἡ
361 2137 426 2203 ὑπὸ
441 2143 477 2202 Π
481 2143 540 2203 ΡΑ
554 2142 658 2223 γωνία
673 2138 811 2224 ἀμβλεῖα
825 2137 925 2222 ἐστιν,
940 2137 1158 2224 ἐκδηλότερον

146 2242 232 2308 οὕτω
252 2246 474 2327 δειχθήσεται·
499 2243 575 2310 ἐπεί
586 2246 623 2310 τὸ
642 2250 744 2310 ΑΒΡ
762 2249 926 2332 τρίγωνον
945 2245 1158 2328 ὀρθογώνιόν

93 2364 128 2412 20
147 2348 250 2415 ἐστιν·
273 2350 361 2437 ὀρθὴ
384 2352 447 2437 γάρ
471 2350 491 2433 ἡ
514 2353 598 2438 πρὸς
615 2362 660 2440 τῷ
680 2356 722 2416 Β·
746 2351 838 2428 ἐκτὸς
861 2348 898 2416 δὲ
921 2352 1024 2416 αὐτοῦ
1049 2350 1069 2434 ἡ
1093 2351 1158 2416 ὑπὸ

146 2462 254 2542 ΠΡΑ,
276 2457 395 2543 μείζων
413 2461 503 2523 ἔσται
522 2467 580 2542 τῆς
598 2457 691 2534 ἐντὸς
709 2456 764 2523 καί
783 2457 994 2523 ἀπεναντίον·
1018 2456 1159 2542 ἀμβλεῖα

146 2566 219 2648 ἀρα.
274 2564 357 2629 ἀλλά
387 2562 442 2628 καὶ
474 2566 640 2651 τριγώνου
669 2573 729 2629 τοῦ
758 2564 866 2639 AEN
893 2562 913 2646 ἡ
946 2564 1029 2647 πρὸς
1057 2573 1104 2652 τῷ
1134 2563 1162 2639 Ξ

148 2674 253 2752 γωνία
271 2674 390 2756 μείζων
409 2681 466 2756 τῆς
483 2656 565 2758 πρδς
583 2681 628 2759 τῷ
648 2676 698 2736 Ν·
723 2669 879 2736 ὥστεκαὶ
898 2670 918 2753 ἡ
936 2671 1160 2736 ὑποτείνουσα

146 2780 208 2862 τὴν
226 2781 357 2863 μείζονα
376 2781 502 2861 γωνίαν
519 2782 644 2863 μείζων.
677 2779 776 2862 ἡάρα
790 2783 866 2843 AN
880 2780 998 2862 μείζων
1011 2787 1072 2861 τῆς
1086 2777 1160 2852 ΑΞ.

96 2914 130 2962 25
218 2904 267 2968 19.
300 2905 394 2988 Πρὸς
417 2903 523 2988 ὀρδάς
545 2907 668 2986 γωνίας
687 2909 755 2968 ίσαι
778 2927 807 2988 p.
829 2904 880 2988 12,
902 2899 954 2989 18]
980 2904 1010 2966 εἰ
1028 2902 1093 2989 γάρ
1113 2926 1162 2979 τις

149 3015 245 3092 είποι,
268 3010 313 3085 ὡς
336 3008 356 3091 ἡ
375 3012 449 3074 ΗΓ
466 3010 607 3087 κάθετός
630 3010 698 3074 ε’στι
721 3011 804 3094 πρὸς
826 3011 887 3093 τὴν
907 3012 978 3092 ΓΛ,
1001 3009 1162 3086 ὡσαύτως

150 3113 186 3179 δὲ
209 3115 265 3180 καὶ
287 3117 307 3200 ἡ
333 3121 394 3181 ΖΒ
421 3119 504 3202 πρὸς
526 3119 587 3201 τὴν
614 3122 686 3201 BA,
719 3119 822 3201 δῆλον
850 3119 940 3181 ἔσται
963 3117 1000 3180 τὸ
1025 3117 1161 3182 ἀτοπον.

221 3334 262 3383 19,
282 3328 328 3397 V2,
349 3329 480 3384 deletum.

223 3547 263 3596 19.
283 3543 357 3595 Ante
375 3546 456 3596 ABP
472 3542 525 3597 del.
545 3541 608 3597 ὑπό.
