2424 3944
437 175 608 228 aucnmrs
627 177 765 232 ermes.
1044 179 1105 243 101

165 353 227 418 Est
242 354 359 439 aliquis
373 354 464 419 locus
484 355 675 442 communis,
693 379 712 419 a
731 379 795 441 quo
814 357 999 442 inaequales
1018 381 1107 445 mag-

94 460 261 526 nitudines
285 462 435 546 aequales
460 466 624 547 apparent.

164 571 234 632 esto
259 569 346 633 enim
368 568 472 634 maior
495 570 536 652 bp
564 590 661 653 quam
682 571 743 653 pd,
770 574 803 635 et
826 571 912 635 circa
934 572 975 653 by
1003 572 1107 636 maior

96 674 302 740 semicirculo
329 676 437 759 portio
466 676 668 740 describatur
695 681 728 740 et
756 676 841 742 circa
863 679 907 760 dp
934 677 1049 742 similis
1078 678 1107 743 ei

96 803 180 866 quae
204 781 290 846 circa
308 782 358 864 bp,
381 785 414 845 et
431 782 494 846 hoc
518 786 568 846 est
588 783 747 868 recipiens
767 783 922 869 angulum
941 786 1108 869 aequalem
1145 795 1161 845 t

96 888 127 952 ei
160 887 216 972 qui
247 887 283 951 in
315 889 389 971 bap.
451 893 598 953 secantes
631 912 665 953 se
697 892 737 954 ad
767 890 909 955 inuicem
939 892 1107 975 portiones

96 993 283 1059 diuidantur
311 996 351 1058 ad
373 1014 404 1080 a,
432 999 465 1059 et
493 995 732 1081 coniungantur
758 997 811 1081 ab,
834 1018 888 1082 ap,
910 1000 960 1063 ad.
1006 998 1109 1084 igitur

97 1088 252 1185 quoniam
280 1101 429 1185 aequales
458 1107 534 1166 sunt
568 1103 623 1186 qui
650 1103 686 1167 in
713 1103 874 1168 similibus
902 1104 1107 1189 portionibus

96 1208 209 1293 anguli
233 1209 274 1273 ad
295 1209 450 1295 inuicem,
477 1210 627 1293 aequales
651 1215 727 1274 sunt
752 1215 784 1275 et
808 1211 864 1296 qui
886 1211 922 1275 in
945 1212 1019 1296 bap,
1041 1214 1110 1295 pad

94 1315 302 1399 portionibus
327 1317 366 1380 ad
388 1316 529 1381 inuicem
553 1317 672 1402 angurli.
709 1319 769 1382 sub
792 1318 980 1401 aequalibus
1000 1323 1108 1383 autem
1128 1330 1162 1378 10

96 1421 225 1507 angulis
257 1422 329 1486 uisa
361 1423 508 1506 aequalia
540 1428 706 1509 apparent.
762 1424 856 1488 oculo
889 1445 967 1509 ergo
998 1424 1108 1507 posito

96 1551 195 1614 super
212 1549 230 1593 a
247 1534 404 1613 punctum
424 1529 567 1613 aequalis
587 1530 758 1615 apparebit
777 1531 818 1612 bp
837 1529 867 1593 ei
886 1551 968 1613 quae
987 1535 1037 1594 est
1052 1532 1108 1612 pd.

97 1640 148 1701 est
176 1640 285 1701 autem
313 1637 425 1700 maior.
471 1640 521 1699 est
549 1657 627 1721 ergo
655 1636 746 1701 locus
776 1636 970 1722 communis,
1002 1658 1109 1720 aquo

94 1743 282 1826 inaequales
306 1741 546 1828 magnitudines
571 1743 720 1826 aequales
745 1747 910 1827 apparent.

95 1967 99 1973 ’
165 1954 248 2020 Sunt
275 1955 352 2039 loci,
383 1955 418 2019 in
452 1955 569 2038 quibus
603 1956 696 2020 oculo
729 1958 929 2042 transposito
959 1957 1107 2042 aequales
1128 1968 1161 2017 15

96 2062 339 2148 magnitudines
362 2067 395 2126 et
418 2062 697 2148 perpendiculares
722 2052 903 2129 subiacenti
925 2065 1023 2149 plano
1043 2065 1109 2128 exi-

96 2173 221 2234 stentes
245 2169 440 2254 aliquotiens
465 2169 595 2252 quidem
619 2170 783 2256 aequales,
811 2171 1004 2257 aliquotiens
1032 2193 1108 2236 uero

94 2275 282 2358 inaequales
307 2280 472 2360 apparent.

165 2382 231 2446 sint
246 2383 395 2467 aequales
411 2383 541 2467 quidem
556 2384 795 2468 magnitudines
815 2385 867 2468 ab,
882 2386 931 2466 pd
949 2384 1108 2449 adrectos

95 2488 274 2554 existentes
294 2489 475 2554 subiacenti
494 2490 639 2574 ebipedo.
673 2489 754 2574 dicu,
773 2490 926 2573 quoniam
941 2495 991 2554 est
1008 2490 1109 2574 locus,
1128 2503 1163 2551 20

96 2595 157 2660 ubi
181 2595 274 2660 oculo
298 2595 406 2681 posito
431 2596 483 2680 ab,
499 2598 547 2678 pd
569 2595 718 2680 aequales
738 2599 903 2680 apparent.
938 2597 1111 2683 coniunga-

170 2829 195 2878 2.
215 2825 383 2892 apparerent
401 2824 438 2878 D.
530 2829 554 2878 5.
579 2825 663 2895 quae]
689 2840 756 2879 corr.
776 2841 809 2879 ea
827 2823 876 2892 qui
899 2825 936 2879 D.
1023 2822 1109 2895 circa]

97 2896 198 2949 contra
217 2895 253 2949 D.
311 2900 334 2950 6.
353 2894 509 2967 portiones]
528 2896 672 2965 portiones
686 2913 705 2964 n
720 2896 757 2950 D.
814 2901 837 2950 9.
853 2895 913 2966 qui]
929 2913 979 2967 mp.
994 2902 1055 2950 m.1
1071 2896 1108 2950 D.

133 2971 176 3020 21.
196 2965 402 3035 coniungantur
419 2967 456 3021 D.

135 3187 176 3235 15.
206 3179 251 3251 αἱ]
281 3197 365 3250 supra
392 3198 442 3235 scr.
469 3182 506 3250 V,
536 3198 588 3235 om.
613 3182 708 3236 Vatn
810 3182 912 3252 ΒΖΓ]
940 3179 971 3233 in
997 3197 1051 3234 ras.
1076 3181 1109 3249 V,

96 3259 119 3308 B
143 3252 239 3307 Vatv.
336 3257 376 3307 18.
402 3249 523 3321 φαίνητο
547 3270 572 3306 V.
669 3251 735 3324 lora]
761 3251 833 3307 ἔστιν
856 3270 882 3306 v.
983 3257 1024 3306 20.
1048 3252 1108 3323 με’]

97 3342 151 3379 om.
172 3342 198 3392 u,
218 3323 260 3388 νζ
275 3324 308 3392 V,
328 3324 371 3379 aa¹
387 3329 450 3378 m.2
465 3324 529 3378 Vat.
586 3329 626 3378 21.
648 3321 715 3394 εἰσί]
735 3321 790 3378 litt.
809 3322 911 3377 initial.
932 3323 1011 3376 deest
1028 3322 1059 3375 in
1073 3341 1109 3392 m,

96 3399 130 3449 ut
148 3394 269 3464 saepius.
344 3391 540 3464 psabape‘voo
559 3412 594 3448 m.
686 3400 728 3449 2⁶2.
751 3392 884 3466 ἐπιπέδῳ]
904 3411 960 3462 seq.
980 3392 1048 3465 λέγω
1068 3392 1111 3448 ὅτι

97 3466 155 3521 ἔστι
173 3486 215 3529 τις
232 3464 329 3534 τόπος,
354 3467 403 3520 sed
422 3466 485 3534 del,
507 3466 540 3520 V.
627 3472 668 3521 24.
690 3464 747 3537 ἴσα]
768 3482 820 3520 om.
840 3466 906 3520 Vm.
988 3472 1030 3521 26.
1051 3465 1110 3520 ἐπι-

96 3538 206 3610 {sapsa
224 3556 261 3607 m,
282 3537 493 3609 ἐπεζεύχθωσαν
511 3556 537 3591 v.
