2424 3944
123 131 168 198 30
463 135 633 188 EUCLIDIS
652 135 789 189 0ch.

125 281 196 344 ΓΘ.
234 278 303 345 ἐπεὶ
326 276 388 346 οὖν
406 275 660 364 προσπέπτωκεν
679 276 771 354 άκτίς
789 278 809 362 ἡ
829 281 902 344 ΓΗ
919 277 975 344 καὶ
994 278 1140 345 άντανα-

122 383 297 451 κέκλασται
324 387 345 469 ἡ
372 389 462 467 ΗΑ,
493 385 576 469 πρὸς
604 389 677 460 ίσας
703 388 828 467 γωνίας
854 384 1139 471 άνακεκλασμέναι

123 493 220 575 εἰσίν,
244 493 288 567 ὡς
307 491 344 556 έν
362 503 432 567 τοῖς
449 494 691 575 Κατοπτρικοίς
708 488 849 573 λέγεται·
874 497 928 575 ίση
947 493 1012 578 άρα
1030 497 1146 575 γωνία

123 597 144 680 ἡ
167 599 232 663 ὑπὸ
256 601 361 663 ΓΗΘ
387 608 427 684 τῇ
449 597 515 662 ὑπὸ
539 601 655 661 ΑΗΒ.
696 597 780 662 άλλά
807 596 863 662 καὶ
890 599 910 682 ἡ
939 598 1005 664 ὑπὸ
1028 603 1143 664 ΑΒΗ

88 713 163 789 οτῇ
186 703 251 767 ὑπὸ
271 705 378 768 ΓΘΗ
398 709 465 786 ίση·
493 701 548 768 καὶ
573 705 671 787 λοιπὴ
695 704 759 789 άρα
781 703 802 786 ἡ
825 704 890 769 ὑπὸ
909 707 1014 771 ΗΓΘ
1037 711 1138 792 λοιπῇ

123 819 163 894 τῇ
181 809 246 873 ὑπὸ
265 813 366 874 ΗΑΒ
391 809 481 875 έστιν
500 815 564 892 ίση.
602 811 780 892 ἰσογώνιον
802 812 867 896 άρα
885 809 954 876 ἐστὶ
972 812 1010 877 τὸ
1028 815 1137 876 ΑΗΒ

123 917 289 1000 τρίγωνον
311 925 356 1004 τῷ
381 920 484 981 ΓΗΘ
506 917 667 1004 τριγώνῳ.
706 927 774 982 τῶν
797 915 834 982 δὲ
858 919 1045 1000 ἰσογωνίων
1068 942 1140 1004 τρι-

123 1024 242 1105 γώνων
266 1021 431 1104 ἀνάλογόν
458 1028 543 1087 εἰσιν
570 1023 607 1086 αί
632 1026 781 1108 πλευραί.
826 1026 917 1089 ἔστιν
939 1025 1020 1109 άρα,
1049 1023 1140 1107 ὡςὴ

124 1132 188 1192 ΓΘ
210 1128 294 1215 πρὸς
315 1129 377 1211 τὴν
401 1131 480 1210 ΘΗ,
504 1127 610 1204 οὕτως
632 1127 652 1210 ἡ
672 1133 737 1193 ΑΒ
761 1129 844 1214 πρὸς
866 1131 928 1213 τὴν
945 1133 1023 1193 ΒΗ
1062 1128 1138 1195 ἀλλ’

72 1235 142 1300 1οὸ
166 1244 223 1319 τῆς
247 1238 310 1299 ΓΘ
336 1235 420 1320 πρὸς
441 1236 503 1318 τὴν
528 1238 600 1299 ΘΗ
619 1237 717 1317 λόγος
740 1232 810 1300 ἐστὶ
832 1237 1011 1320 γνώριμος·
1040 1235 1096 1301 καὶ
1121 1237 1140 1303 ὁ

123 1351 181 1425 τῆς
198 1345 261 1405 ΒΑ
284 1342 348 1425 άρα
370 1342 453 1424 πρὸς
474 1343 536 1425 τὴν
554 1345 628 1405 ΒΗ
646 1344 745 1424 λόγος
762 1339 831 1406 ἐστὶ
850 1343 1025 1428 γνώριμος.
1061 1341 1138 1408 ἀλλ’

123 1447 143 1531 ἡ
166 1453 236 1513 ΗΒ
260 1448 328 1514 ἐστι
352 1450 526 1535 γνώριμος.
571 1445 627 1512 καλ
648 1447 669 1530 ἡ
693 1452 758 1512 ΑΒ
782 1449 846 1533 άρα
869 1447 938 1513 ἐστὶ
960 1450 1141 1536 γνώριμος.

608 1649 649 1690 κ.

194 1735 243 1799 Τὸ
267 1729 372 1818 δοθὲν
394 1733 502 1816 βάθος
523 1743 664 1816 γνῶναι,
687 1735 828 1815 πηλίκον
852 1731 952 1797 ἐστίν.

71 1852 104 1900 15
190 1844 272 1906 έστω
295 1841 332 1904 τὸ
356 1834 461 1904 δοθὲν
482 1839 591 1922 βάθος
612 1839 650 1903 τὸ
669 1843 745 1921 ΑΛ,
769 1840 856 1922 ὄμμα
880 1834 916 1902 δὲ
935 1841 1018 1903 ἔστω
1039 1839 1077 1903 τὸ
1098 1844 1139 1923 Ε,

122 1944 178 2011 καὶ
197 1944 275 2010 δέον
288 1946 325 2010 τὸ
339 1945 447 2028 βάθος
460 1956 597 2029 γνῶναι,
614 1947 755 2027 πηλίκον
774 1943 872 2010 ἐστίν.
904 1944 1139 2031 προσπιπτέτω

122 2054 186 2136 γάρ
205 2062 245 2138 τῇ
264 2053 337 2129 ὄψει
360 2050 457 2133 ἡλίου
476 2049 605 2134 άκτλςὴ

122 2163 191 2223 ΕΛ
214 2157 450 2242 συμβάλλουσα
473 2167 518 2246 τῷ
538 2157 606 2222 έπι-

122 2263 212 2352 πέδῳ
239 2265 321 2329 κατά
348 2264 385 2329 τὸ
408 2268 443 2328 -Β
470 2275 606 2348 σημεῖον

69 2385 104 2434 20
122 2369 178 2436 καὶ
206 2381 251 2461 τῳ
274 2371 374 2454 βάθει
396 2372 478 2436 κατά
503 2371 538 2436 τὸ
563 2377 605 2435 Δ.

122 2476 177 2544 καί
210 2480 507 2565 προσεκβεβλήσθω
541 2477 604 2542 άπὸ

122 2594 182 2651 τοῦ
205 2590 234 2650 Β
258 2582 308 2649 ἐπ’
330 2585 463 2662 εὐθείας
490 2584 605 2668 ηΒΖ,

122 2690 178 2756 καὶ
204 2693 298 2776 ἤχθω
324 2690 471 2757 ἀπὸτοῦ
494 2697 527 2756 Ε
553 2691 605 2757 ἐπὶ

122 2802 184 2884 τὴν
210 2803 274 2863 ΒΖ
301 2797 438 2864 εὐθεῖαν
465 2799 606 2875 κάθετος

660 2340 701 2401 Α

656 2747 691 2798 Δ

69 2918 103 2966 25
122 2905 143 2988 ἡ
161 2910 234 2970 ΕΖ.
272 2902 341 2969 ἐπεὶ
359 2901 422 2971 οὖν
440 2910 494 2988 ίση
517 2909 622 2988 γωνία
640 2905 661 2989 ἡ
679 2907 744 2971 ὑπὸ
763 2911 861 2971 ΕΖΒ
884 2917 924 2992 τῇ
942 2907 1008 2972 ὑπὸ
1028 2911 1140 2992 ΒΑΔ,

124 3011 206 3077 άλλά
229 3009 284 3076 καί
307 3010 327 3094 η
350 3012 416 3076 ὑπὸ
435 3016 535 3076 ΑΒΔ
558 3023 597 3099 τῇ
619 3012 684 3077 ὑπὸ
703 3017 812 3097 ΕΒΖ,
835 3011 890 3077 καλ
913 3012 933 3096 ἡ
957 3017 1051 3099 τρίτη
1073 3016 1140 3101 ἄρα

122 3118 143 3202 ἡ
165 3119 231 3184 ὑπὸ
254 3123 352 3182 ΒΕΖ
375 3127 414 3203 τῇ
437 3116 503 3181 ὑπὸ
526 3121 625 3182 ΑΛΒ
650 3117 740 3184 ἐστιν
764 3124 827 3202 ίση.
870 3119 1048 3200 ἰσογώνιον
1073 3121 1141 3206 άρα

123 3224 192 3290 ἐστὶ
219 3227 256 3290 τὸ
284 3229 383 3289 ΑΛΒ
413 3227 579 3308 τρίγωνον
606 3233 652 3312 τῷ
680 3229 777 3289 ΒΕΖ
809 3225 971 3312 τριγώνῳ.
1018 3223 1076 3291 καὶ
1105 3228 1145 3293 αί

195 3424 218 3471 1.
238 3415 444 3472 ἀνακέκλασται
461 3417 508 3471 Bv
527 3418 555 3469 et
573 3416 647 3484 Vat„
667 3416 716 3469 sed
735 3433 817 3483 corr.;
837 3414 1085 3473 ἀντανακέκλαται
1103 3438 1141 3475 m.

158 3495 182 3543 4.
205 3491 303 3563 ΓΗΘ]
318 3488 348 3542 in
362 3506 416 3543 ras.
427 3507 463 3543 m.
520 3492 543 3540 ὅ.
563 3486 657 3558 λοιπή]
672 3487 771 3542 λοιπόν
781 3487 835 3542 Bv.
890 3490 986 3560 λοιπῇ]
1001 3489 1100 3546 λοιποί
1114 3509 1142 3563 V,
