2424 3944
122 182 165 248 66
465 185 638 236 EUGLIDIS
657 183 793 236 OPTICA.

191 331 274 393 ἔστω
298 329 418 404 κύκλος
441 327 458 392 ὁ
474 333 540 392 AB
547 331 616 409 FA,
639 324 694 391 καὶ
713 328 872 409 ἤχθωσαν
891 327 952 391 δύο
968 325 1137 412 διάμετροι

117 437 160 500 ἀί
176 439 251 518 AF,
269 438 332 499 BA
354 432 532 518 τέμνουσαι
555 434 697 516 ἀλλήλας
719 434 803 518 πρὸς
825 432 932 519 ὀρθὰς
950 435 1033 498 κατά
1051 435 1089 499 τὸ
1108 439 1138 498 Β

86 612 88 619 ,
122 555 273 627 σημεῖον,
303 540 358 606 καὶ
381 540 401 623 η
426 540 489 606 ἀπὸ
509 551 569 605 τοῦ
588 545 619 604 Ε
641 543 777 625 σημείου
801 539 1000 624 ἀναγομένη,
1024 539 1079 626 ἐφ’
1099 537 1136 625 ης

123 650 160 713 τὸ
193 651 280 732 ὄμμα
311 659 429 731 κεῖται,
461 647 481 730 ἡ
516 652 580 712 ΖΕ

87 757 201 839 σμητε
237 755 320 839 πρὸς
353 753 459 841 ὀρθδις
495 757 577 820 έστω

122 869 168 948 τῶ
193 859 335 947 ἐπιπέδῳ
358 862 438 945 μήτε
463 866 517 943 ίση
538 870 577 947 τῇ

123 967 159 1031 ἐκ
177 974 236 1031 τοῦ
250 965 390 1053 κέντρου
409 968 489 1050 μήτε
506 972 579 1042 ίσας

123 1077 246 1157 γωνίας
273 1071 469 1158 περιέχουσα
498 1074 579 1158 μετὰ

124 1191 191 1245 τῶν
227 1183 312 1263 AF,
344 1184 421 1243 AB.
483 1174 603 1262 λέγω,
647 1225 659 1272 ,

71 1297 105 1345 10
125 1288 175 1354 ὅτι
192 1288 302 1353 ἀνισοι
319 1284 529 1370 ὀφθησονται
544 1287 581 1350 αί

123 1399 156 1458 A
162 1397 197 1476 F,
215 1397 281 1457 ΛΒ
301 1392 478 1479 διοίμετροι.
507 1392 577 1457 έπε-

124 1503 315 1585 ζεύχθωσαν
347 1499 409 1585 γάρ
443 1500 480 1563 αί
507 1502 577 1582 ΖΓ,

125 1612 205 1691 ΖΑ,
225 1611 302 1689 ΖΔ,
322 1610 392 1670 ΖΒ.
442 1606 515 1687 ἤτοι
539 1601 601 1671 οὖν
623 1607 741 1689 μείζων
765 1602 854 1669 ἐστὶν
877 1605 897 1689 ἡ
921 1610 984 1670 ΕΖ
1013 1614 1072 1689 τῆς
1103 1605 1134 1670 έκ

123 1723 183 1779 τοῦ
211 1712 349 1796 κέντρου
377 1711 397 1795 ἢ
426 1710 582 1777 έλάσσων.
638 1712 694 1775 διδι
721 1719 824 1776 ταῦτα
851 1713 892 1795 δη
920 1713 994 1794 ἤτοι
1019 1715 1134 1796 μείζων

71 1828 105 1878 15
125 1819 214 1886 ἐστὶν
245 1820 266 1903 ἡ
297 1819 363 1884 ὑπὸ
390 1824 471 1901 ΔΖ,
497 1823 557 1882 ΖΒ
592 1827 650 1902 της
680 1818 745 1883 ὑπὸ
774 1822 848 1901 ΓΖ,
873 1822 938 1883 ZA
966 1817 987 1902 ἢ
1019 1819 1041 1902 ἡ
1073 1819 1133 1884 ὑπὸ

124 1938 191 1992 τῶν
220 1930 298 2008 ΓΖ,
324 1930 388 1990 ΖΑ
420 1935 477 2008 τῆς
504 1924 569 1989 ὑπὸ
592 1929 673 2006 ΛΖ,
698 1929 773 2007 ΖΒ,
806 1925 850 2002 ὡς
878 1922 950 2008 ἑξῆς
979 1924 1133 2011 δείξομεν.

125 2035 235 2098 ἀνισοι
259 2034 323 2116 ἀρα
346 2032 384 2095 αί
404 2031 574 2118 διάμετροι
597 2031 816 2115 ὀφθησονται.

557 2231 703 2311 Λῆμμα·

182 2349 290 2415 Ἔστω
310 2351 439 2433 κύκλος,
463 2347 504 2416 οὗ
522 2350 659 2437 κέντρον
678 2353 759 2417 ἔστω
778 2353 815 2417 τὸ
830 2357 863 2416 A
880 2364 1028 2437 σημεῖον,
1052 2355 1134 2438 ὄμμα

73 2466 108 2516 20
127 2455 164 2522 δέ
187 2458 223 2522 τὸ
247 2461 291 2540 Β,
314 2456 373 2543 ἀφ’
395 2453 436 2523 οὗ
459 2457 512 2523 ἐπὶ
535 2459 594 2523 τὸν
616 2459 739 2523 κύκλον
761 2459 902 2536 κάθετος
925 2458 1070 2544 ἀγομένη
1092 2459 1132 2544 μη

125 2561 266 2629 πιπτέτω
291 2563 343 2628 ε’πὶ
366 2566 403 2629 τὸ
426 2562 564 2650 κέντρον
587 2565 624 2629 τὸ
648 2571 690 2648 A,
713 2564 785 2630 ἀλλ’
808 2565 908 2648 ἐκτός,
932 2565 987 2630 καλ
1011 2569 1094 2632 ἔστω
1115 2563 1134 2647 ἡ

126 2673 203 2753 ΒΓ,
235 2667 290 2733 καὶ
318 2668 501 2753 ἐπεζεύχθω
525 2671 588 2736 ἀπὸ
611 2679 672 2735 τοῦ
695 2677 727 2735 A
755 2669 807 2736 ε’πὶ
830 2672 866 2736 τὸ
892 2674 925 2736 Γ
946 2670 966 2753 ἡ
990 2678 1024 2736 A
1031 2676 1065 2737 F
1085 2669 1136 2738 καὶ

126 2775 190 2840 ἀπὸ
214 2784 274 2839 τοῦ
297 2782 329 2840 Α
357 2774 410 2840 ἐπὶ
432 2777 469 2841 τὸ
493 2782 521 2841 Β
549 2777 568 2862 η
592 2782 667 2842 ΑΒ.
718 2775 816 2861 λέγω,
847 2766 899 2843 ιὅτι
927 2789 1046 2844 πασῶν
1073 2789 1135 2844 τῶν
1176 2827 1178 2865 :

126 2893 260 2965 γωνιῶν
282 2892 350 2946 τῶν
372 2882 614 2968 περιεχομένων
636 2883 701 2949 ὑπὸ
725 2895 792 2949 τῶν
815 2885 871 2949 διδι
889 2893 949 2949 τοῦ
969 2891 1002 2950 A
1027 2887 1136 2970 διαγο-

73 2998 109 3048 25
128 2988 238 3074 μένων
270 2989 413 3053 εὐθειῶν
443 2988 498 3054 καὶ
529 3002 698 3056 ποιουσῶν
729 2992 812 3077 πρὸς
844 3001 883 3077 τῇ
916 2996 985 3056 ΑΒ
1024 2993 1136 3078 εὐθείᾳ

126 3100 253 3178 γωνίαν
282 3094 434 3180 ἐλαχίστη
462 3094 552 3161 ἐστὶν
583 3095 603 3179 ἡ
631 3097 696 3162 ὑπὸ
726 3108 793 3161 τῶν
823 3101 896 3180 FA,
919 3103 951 3161 A
958 3102 996 3163 Β.
1045 3101 1134 3185 ἤχθω

199 3331 223 3378 λ,
243 3321 390 3393 τέμνουσιν
408 3325 481 3393 vat,
507 3324 556 3377 sed
575 3341 642 3379 con.
734 3330 758 3380 3.
781 3323 954 3399 ἀναγομένη]
973 3327 1054 3397 prius
1073 3349 1091 3382 α
1108 3326 1135 3380 in

126 3394 232 3449 τοιού.
318 3404 342 3451 4.
365 3401 417 3450 ΖΕ
453 3400 506 3451 ΕΖ
524 3395 619 3451 λαῶν.
703 3402 744 3451 11.
764 3398 828 3468 AB]
849 3403 898 3451 BA
916 3397 1015 3455 Vat.v.
1097 3403 1133 3453 13.

129 3470 185 3534 ZA,
202 3466 262 3555 ΖΒ)
285 3470 341 3536 ΖΒ,
359 3472 405 3522 ΖΔ
449 3470 518 3523 πῶν.
575 3470 667 3536 μεῖζον
681 3486 707 3523 v,
764 3474 804 3523 14.
822 3467 941 3524 έλάττων
956 3488 982 3526 V.
1039 3469 1134 3540 ταῦτα]

126 3535 162 3590 τά
180 3537 254 3591 αάτα
271 3537 337 3592 Vm.
403 3544 443 3593 15.
463 3544 525 3608 ΔΖ,
542 3540 603 3611 ΖΒ]
622 3545 648 3594 Δ
656 3545 705 3594 ΖΒ
723 3539 845 3608 Vat.¹m,
865 3556 880 3594 e
899 3557 968 3596 corr.
988 3541 1022 3598 V.
1079 3544 1133 3607 FZ,
