2424 3944
134 175 200 239 284
236 178 393 230 §onom
411 178 449 229 m
467 178 677 230 officomm
695 177 954 264 sssscssNsmffl
972 180 1147 232 motus,

505 358 558 423 Ad
580 380 670 442 prop.
694 357 777 422 LIV.

201 479 252 543 92.
275 477 382 545 Ἔστω
406 481 557 566 ὁρώμενα
575 481 615 544 τὰ
633 486 676 563 Α,
696 482 729 544 Γ
746 477 799 544 ἐπὶ
820 484 1046 568 παραλλήλων
1069 483 1151 546 ὄντα

135 594 202 648 τῶν
228 590 310 671 ΑΒ,
334 588 395 651 ΓΛ
422 587 574 653 εὐθειῶν.
629 585 729 671 λέγω,
761 588 812 652 ὅτι
844 590 881 653 τὸ
908 591 1024 673 πόρρω
1054 589 1092 652 τὸ
1119 594 1152 652 Α

135 696 390 757 καταλείπεσθαι
418 693 514 772 δόξει.
565 697 647 759 ἔστω
676 695 739 779 γὰρ

101 799 223 881 σόμμα
246 800 283 862 τὸ
297 804 337 881 E,
361 798 420 884 ἀφ’
436 796 477 865 οὗ
495 799 739 886 προσπιπτέτω·
788 796 819 859 Α
1111 793 1146 844 B

137 920 200 967 σαν
232 903 360 981 ἀκτῖνες
390 909 427 971 αλ
455 910 535 990 ΕΓ,
558 913 640 991 ΕΑ,
663 913 740 990 ΕΛ,

135 1013 208 1073 ΕΒ.
255 1009 324 1075 ἐπεὶ
356 1010 417 1079 οὖν
449 1018 567 1099 μείζων
599 1012 689 1079 ἐστὶν
719 1013 740 1096 ἡ
797 980 868 1090 FN
1119 970 1145 1032 Δ

135 1115 201 1179 ὑπὸ
222 1120 320 1182 ΓΕΔ
338 1129 395 1203 τῆς
412 1120 478 1185 ὑπὸ
496 1125 609 1203 ΑΕΒ,
631 1124 742 1205 μεῖζον

136 1222 200 1304 ἄρα
227 1222 282 1288 καὶ
310 1234 369 1289 τοῦ
393 1232 458 1291 ΑΒ
486 1229 523 1291 τὸ
548 1229 609 1291 ΓΛ
636 1230 742 1311 φανή-

84 1348 116 1396 10
136 1345 235 1394 σεται.
293 1332 503 1399 ὑπολείπεται
536 1337 600 1420 ἄρα
632 1335 668 1398 τὸ
696 1340 742 1398 Α·

136 1437 229 1501 δοκεῖ
253 1439 316 1524 γὰρ
343 1442 549 1526 βραδύτερον
572 1439 743 1526 φέρεσθαι.

173 1636 214 1685 92.
235 1632 474 1703 VRNat.qrtu).

209 1816 232 1864 2.
258 1810 304 1864 ἐπὶ
327 1811 522 1883 παραλλήλων]
547 1809 591 1866 ἐπ’
614 1809 728 1874 εὐθείας
751 1812 783 1866 V.
875 1817 899 1866 3.
925 1811 1059 1882 εὐθειῶν]
1087 1809 1152 1864 ἴσων

139 1885 260 1938 εὐθειῶν
279 1882 344 1938 vat.
417 1889 440 1938 9.
460 1885 522 1955 τοῦ]
541 1883 559 1953 ἡ
578 1882 619 1952 τό,
636 1883 654 1953 ἡ
674 1900 753 1953 ωεστ,
772 1883 805 1937 V.
878 1881 922 1954 τό]
942 1890 991 1936 τοῦ
1011 1881 1045 1936 V.
1111 1888 1150 1935 10.

138 1954 207 2010 Post
224 1960 246 2008 A
265 1971 335 2010 ems.
354 1961 380 2008 Δ
398 1954 431 2009 V.
