2424 3944
406 142 577 194 nuenmrs
595 143 732 196 ornos.
953 196 956 202 .
1031 141 1074 206 93

63 284 283 370 coniungatur
301 307 351 372 uc,
363 287 411 372 eb,
429 287 485 372 ud,
498 286 550 372 bu,
568 289 601 350 et
620 286 820 351 describatur
838 287 924 351 circa
937 288 1000 353 cet
1018 287 1075 351 tri·

63 413 188 477 gonum
207 391 307 457 sectio
327 394 399 478 acb,
421 376 589 476 iaceatque
608 393 637 457 ei
661 393 717 476 qui
736 394 795 457 sub
815 395 870 478 qd,
889 394 933 458 bd
955 394 1073 479 angulo

63 499 207 582 aequalis
227 499 364 585 angulus
385 500 441 583 qni
459 499 519 563 sub
536 522 591 585 pu,
605 520 657 585 ca,
675 504 708 564 et
727 500 942 586 coniungatur
960 501 1007 565 ba.
1039 500 1074 564 in

63 605 186 670 circulo
202 627 279 692 ergo
295 610 371 670 sunt
386 607 412 691 l),
426 628 459 691 o,
472 627 503 691 a,
517 608 539 671 d
554 611 682 691 puncta.
712 605 865 691 quoniam
878 628 955 691 ergo
970 606 1074 671 maior

65 712 205 798 angulus
225 714 287 778 acb
311 713 431 799 angulo
450 713 524 798 aab,
546 713 683 797 angulus
706 734 784 777 uero
803 713 868 777 aab
891 713 921 777 ei
940 714 995 798 qni
1014 715 1083 778 sub·
1112 727 1127 776 5

64 821 125 905 cd,
143 820 186 884 do
209 820 365 904 aequalis,
393 819 546 903 quoniam
568 819 603 883 in
626 820 737 884 eadem
760 820 902 885 sectione
927 824 1016 905 sunt,
1041 824 1074 884 et

63 926 203 1012 angulus
232 948 309 1012 ergo
337 927 400 991 cab
433 926 552 1011 angulo
581 927 648 991 cub
680 925 784 990 maior
815 930 874 990 est.
929 927 985 990 sed
1013 928 1073 991 sub

64 1032 187 1118 angulo
216 1032 345 1116 quidem
371 1033 439 1097 auu
466 1031 595 1097 uidetur
622 1034 665 1097 cb
693 1034 787 1097 oculo
815 1055 911 1116 super
938 1034 960 1098 d
990 1037 1073 1118 ente,

63 1139 125 1202 sub
148 1138 269 1224 angulo
292 1161 370 1203 uero
394 1140 459 1205 uel)
486 1139 572 1203 idem
595 1140 638 1203 ab
665 1139 793 1204 uidetur
817 1140 910 1204 oculo
939 1161 1073 1224 supere

62 1244 232 1310 existente.
290 1247 459 1331 inaequale
492 1268 568 1333 ergo
601 1246 709 1311 uisum
741 1250 874 1331 apparet
906 1268 1001 1331 super
1032 1248 1075 1312 eu
1093 1261 1126 1310 10

61 1356 186 1417 rectam
210 1351 302 1416 oculo
325 1352 534 1437 transposito.
577 1351 785 1416 manifestum
808 1373 896 1438 nero,
919 1352 1072 1436 quoniam

62 1462 97 1523 et
120 1481 248 1544 semper
271 1481 367 1543 super
389 1480 427 1541 cp
450 1459 649 1543 transposito
673 1459 766 1523 oculo
785 1459 963 1544 inaequale,
987 1461 1072 1544 quod

61 1564 202 1650 uidetur,
220 1569 363 1649 apparet,
382 1569 414 1629 et
429 1565 605 1639 maximum
621 1565 750 1647 quidem
764 1585 845 1647 quae
860 1566 900 1629 ad
915 1566 1072 1649 tpositio-

61 1692 147 1757 nem,
165 1671 269 1736 maius
288 1693 366 1736 uero
386 1671 426 1735 ad
445 1671 474 1735 ei
493 1670 756 1756 propinquiorem
773 1671 808 1734 in
821 1671 976 1737 utralibet
993 1695 1070 1759 ergo

62 1779 113 1862 ccl,
131 1799 171 1861 ep
193 1783 364 1863 rectarum,
387 1778 520 1861 aequale
544 1781 652 1842 autem
676 1799 757 1861 quae
781 1779 821 1842 ad
840 1800 877 1842 ea
897 1801 977 1862 quae
997 1782 1037 1845 ad
1054 1801 1072 1846 a
1091 1793 1123 1841 15

60 1889 94 1948 et
118 1907 200 1969 quae
224 1887 309 1950 add
334 1890 367 1949 et
394 1907 536 1969 eaquae
560 1884 709 1949 similiter
735 1885 763 1950 ei
787 1890 917 1971 sumpta
938 1892 1071 1971 propter

60 1991 96 2055 in
119 1992 231 2056 eadem
255 1992 397 2056 sectione
421 2013 490 2056 esse
514 1992 658 2077 angulos.

124 2204 208 2269 Esto
232 2205 332 2290 enim,
361 2207 446 2289 quod
469 2205 612 2291 uidetur,
634 2205 693 2291 tu,
719 2211 808 2271 recta
830 2204 907 2272 uero
932 2207 973 2291 by
996 2230 1069 2273 con-

57 2312 168 2377 cidens
191 2312 220 2376 ei
245 2334 325 2396 quae
349 2316 399 2376 est
422 2312 469 2376 td
490 2314 632 2377 eductae.
670 2317 702 2377 et
725 2318 873 2377 sumatur
894 2319 1001 2379 rectae
1021 2317 1070 2398 qd

56 2423 89 2483 et
113 2423 220 2483 rectae
240 2418 285 2501 ple
308 2419 413 2483 media
430 2419 682 2505 proportionalis
703 2439 755 2503 qa,
779 2424 811 2484 et
831 2421 1068 2505 coniungantur
1086 2431 1120 2479 2ο

54 2526 97 2591 ale
121 2529 154 2589 et
177 2527 231 2610 ad,
260 2530 293 2590 et
316 2526 401 2590 circa
422 2548 500 2590 uero
524 2525 571 2591 tu
591 2526 699 2611 portio
723 2526 924 2591 describatur
948 2526 1068 2612 circuli,

129 2780 154 2829 3.
179 2773 385 2841 coniungantur
403 2772 441 2826 D.
533 2777 573 2826 12.
597 2770 758 2842 inaequale]
782 2787 849 2827 corr.
869 2789 920 2844 mp.
940 2780 1010 2828 661
1034 2792 1068 2830 aa

55 2844 177 2914 aequale
195 2845 233 2900 D.
320 2842 497 2910 isquinam
515 2843 553 2896 D.
636 2848 676 2896 16.
702 2844 821 2914 et(pr.)]
846 2851 1066 2914 capestres.1

54 2920 109 2973 litt.
128 2917 167 2971 D.
249 2921 290 2968 21.
309 2913 414 2985 portio]
434 2931 501 2969 corr.
520 2931 554 2968 cuc
572 2912 715 2982 proportio
735 2915 773 2969 D.

54 3165 126 3202 corr
145 3165 181 3202 m.
202 3152 227 3200 2
313 3151 354 3199 11.
374 3145 476 3214 rou(al
478 3145 521 3215 tl]
478 3144 572 3199 tro
590 3163 626 3200 m
699 3145 813 3201 ἅνισσον
833 3164 858 3201 6.
946 3154 987 3202 12.
1006 3150 1066 3220 της]

53 3228 119 3288 τοῦ,
144 3239 160 3272 o
179 3234 257 3286 erae„
281 3235 306 3271 6.
398 3221 439 3270 14.
458 3215 579 3296 'incusor
597 3218 827 3307 u.15.rq3]
850 3235 918 3273 corr
939 3234 973 3272 ex
990 3218 1021 3274 τό
1040 3238 1065 3274 6.

92 3295 135 3344 16
155 3289 356 3359 ὁποτερασοῦν]
375 3305 437 3342 --ασ
456 3286 553 3342 inras.
568 3288 601 3341 V.
658 3292 698 3341 17.
718 3289 755 3359 Δ]
774 3273 809 3342 rol
828 3296 853 3344 Δ
871 3290 967 3344 Vatv.
1024 3295 1065 3345 16.

53 3362 174 3488 utvotsqy
183 3361 270 3414 αὐτοῦ
288 3378 313 3415 v.
397 3364 439 3413 20.
460 3357 557 3446 ἄλλως]
578 3374 630 3412 om.
649 3357 771 3414 Vat¹m
859 3366 900 3415 21.
920 3362 967 3432 νβ’
983 3361 1065 3431 V,'
1036 3383 1053 3417 ν

52 3452 83 3486 m
112 3438 127 3486 2
174 3433 213 3486 at
304 3436 346 3486 23
372 3434 428 3484 ΓΚ
444 3426 511 3498 μέση
523 3428 624 3520 aa]
616 3446 646 3481 1n
664 3445 717 3484 ras.
737 3449 762 3484 6.
854 3406 1066 3503 ἐπεζεύχθωσαν

51 3505 120 3559 Vat.
135 3505 215 3573 (corr.
230 3520 266 3557 m
261 3505 361 3585 2,)6
435 3506 477 3556 24
496 3499 559 3571 τήν]
577 3507 669 3569 τῆς6
