2424 3944
313 187 525 239 OPTICORUM
542 186 720 239 REOENSIO
739 187 907 240 THEONIS.
1052 186 1117 252 195

102 338 136 399 et
178 335 300 401 circum
337 337 418 398 ΚΝ
456 331 594 398 eirardus
633 329 850 415 describatur,
891 331 1115 416 ducanturque

698 440 779 522 NP,
811 441 888 524 PK,
918 443 1005 522 ΝΣ,
1036 441 1114 502 ΣΚ.

699 542 810 627 itaque
861 544 944 609 radii
994 544 1035 608 ab
1082 550 1115 609 A

570 731 574 741 Χ
700 649 795 714 oculo
835 651 1019 716 adcidentes
1056 672 1115 735 per

698 761 774 841 ΑΛ,
796 760 865 819 ΑΖ
893 757 1021 840 cadent3
1048 778 1113 856 cer·

697 866 794 926 netur
842 862 947 948 igitur
997 866 1113 928 ΖΦΛ.

698 969 810 1033 eadem
829 969 868 1033 de
893 991 991 1034 eausa
1014 970 1114 1034 etiam

697 1076 780 1140 radii
808 1077 849 1140 ab
875 1080 915 1140 N
939 1076 1033 1141 oculo
1058 1077 1114 1141 ad-

697 1181 841 1246 cidentes
864 1203 922 1265 per
945 1186 1020 1266 NP,
1040 1187 1117 1247 ΝΣ

699 1288 829 1373 eadent3
869 1291 1019 1352 cernetur
1052 1288 1113 1373 igi-

697 1397 752 1457 tur
775 1397 887 1457 ΡΦΣ.
932 1415 1047 1458 uerum
1188 1377 1196 1391 ³

766 1504 866 1564 ΖΦΛ
881 1508 914 1574 >
929 1503 1040 1564 ΡΦΣ.

696 1605 827 1670 uidetur
860 1609 969 1670 autem
1003 1605 1110 1671 minus

697 1734 782 1798 esse3
804 1733 880 1776 nam

811 1827 831 1894 L
850 1822 889 1882 N
904 1828 938 1890 >
959 1824 1000 1883 A.

162 2239 196 2304 Si
219 2241 255 2304 in
277 2262 360 2306 cono
385 2242 541 2307 circulum
564 2242 670 2307 basim
692 2243 826 2308 habenti
850 2267 869 2308 a
887 2244 1017 2329 punctis
1037 2266 1110 2310 con-

92 2352 204 2413 tactus
227 2349 392 2414 radiorum
415 2349 456 2413 ab
481 2349 575 2415 oculo
604 2351 644 2414 ad
666 2350 772 2415 basim
796 2350 868 2415 coni
892 2350 1110 2415 adcidentium

92 2477 151 2537 per
175 2456 379 2539 superficiem
402 2456 476 2521 coni
499 2456 539 2519 ad
563 2456 719 2522 uerticem
741 2460 849 2521 rectae
873 2456 1049 2541 ducuntur,
1075 2460 1109 2520 et

91 2583 151 2646 per
178 2566 294 2654 rectas
315 2562 365 2626 ita
393 2562 506 2627 ductas
534 2563 704 2646 radiosque
738 2562 778 2626 ab
809 2562 902 2627 oculo
936 2562 976 2626 ad
1002 2561 1109 2626 basim

91 2666 168 2732 coni
187 2668 371 2733 adcidentes
390 2668 490 2752 plana
508 2668 679 2753 ducuntur,
698 2668 873 2755 oculusque
891 2668 927 2732 in
944 2668 1108 2733 communi

91 2774 266 2860 planorum
284 2776 428 2840 sectione
447 2775 635 2861 collocatur,
656 2797 732 2859 pars
752 2775 835 2860 coni,
856 2797 936 2859 quae
956 2775 1107 2859 cernitur,

92 2904 221 2965 semper
244 2882 356 2946 eadem
379 2882 533 2968 manebit,
557 2882 585 2947 si
608 2883 699 2946 uisus
722 2904 780 2966 per
797 2881 931 2966 planum
947 2882 1046 2966 plano
1066 2882 1107 2945 ab

90 2988 188 3052 initio
213 2988 383 3073 supposito
406 2989 599 3074 parallelum
622 2989 793 3074 egreditur.

159 3112 204 3177 sit
222 3112 309 3178 enim
328 3135 438 3199 conus,
461 3114 552 3179 euius
571 3113 660 3178 basis
679 3113 724 3178 sit
741 3112 881 3178 circulus
901 3115 971 3196 ΓΔ,
993 3117 1107 3176 uertex

91 3224 203 3285 autem
222 3224 250 3283 B
274 3224 442 3305 punctum,
466 3221 579 3286 oculus
602 3242 680 3286 uero
704 3219 748 3284 sit
767 3223 807 3305 K,
830 3241 849 3281 a
872 3240 936 3302 quo
956 3219 1106 3284 adcidant

89 3327 173 3392 radii
191 3331 272 3413 ΚΛ,
284 3330 320 3391 K
324 3331 356 3392 Γ
373 3327 409 3390 in
426 3328 556 3411 punctis
576 3331 611 3410 Γ,
626 3333 659 3391 Δ
681 3330 863 3412 tangentes,
887 3329 920 3390 et
939 3349 959 3390 a
976 3327 1105 3411 punctis

88 3441 131 3520 A,
146 3437 180 3499 Γ
200 3435 240 3499 ad
259 3434 417 3499 uerticem
436 3434 510 3499 coni
529 3435 688 3498 ducantur
700 3439 777 3518 ΔΒ,
792 3437 862 3518 ΓΒ,
884 3456 942 3518 per
956 3436 1026 3518 ΓΒ,
1042 3437 1110 3498 ΓΚ

89 3547 200 3607 autern
218 3541 352 3625 planum
372 3541 517 3628 ducatur,
540 3544 573 3605 et
591 3562 650 3626 per
667 3547 701 3604 A
710 3544 749 3620 Β,
762 3543 835 3604 ΛΚ
851 3539 1002 3606 similiter
1018 3540 1105 3619 aliud

891 3645 943 3696 13*
