2424 3944
161 770 244 837 Cum
272 793 323 854 ea,
355 792 436 855 qnae
465 771 506 835 ad
532 770 639 835 nisum
666 771 826 856 adtinent,
859 772 1103 852 demonstraret,

90 877 369 943 considerationes
393 877 548 960 quasdam
569 877 735 959 adferebat
755 877 893 963 amplius
913 879 1102 944 confirmare

91 986 242 1069 studens,
270 1005 398 1048 omnem
425 984 530 1048 lucem
558 985 732 1049 secundum
760 989 865 1050 rectas
892 985 994 1051 lineas
1017 986 1102 1050 ferri.

90 1092 191 1156 huius
219 1091 305 1156 enim
332 1090 379 1154 rei
406 1090 584 1155 maximum
612 1091 841 1157 documentum
868 1097 901 1157 εὴ
928 1093 1060 1157 umbras
1083 1115 1102 1157 a

90 1197 284 1282 corporibus
303 1198 405 1263 iactas
425 1203 458 1263 ct
475 1199 592 1283 radios,
615 1199 670 1283 qui
688 1221 746 1283 per
764 1199 922 1263 fenestras
938 1199 1102 1282 rimasque

90 1305 252 1389 feruntur,
275 1305 387 1369 adfert.
428 1327 504 1369 nam
527 1305 606 1370 haec
630 1306 739 1370 omnia
761 1305 809 1369 ita
831 1326 898 1369 non
919 1306 1043 1391 fierent,
1065 1310 1102 1370 ut

90 1433 179 1476 nunc
193 1410 264 1474 fieri
278 1415 463 1496 cernuntur,
475 1411 540 1475 nisi
553 1411 645 1496 radii,
659 1411 715 1495 qui
730 1433 747 1475 e
762 1411 829 1476 sole
843 1411 1102 1498 proficiscuntur,

91 1517 270 1582 secundum
297 1521 402 1582 rectas
436 1518 591 1602 quasdam
618 1505 787 1583 ferrentur.
839 1522 871 1582 et
898 1518 934 1581 in
959 1518 1103 1604 ignibus,

90 1624 149 1708 qui
178 1624 264 1707 apud
289 1645 350 1688 nos
378 1628 467 1708 sunt,
499 1625 606 1689 radios
629 1624 870 1711 proficiscentes
894 1647 1007 1689 causas
1031 1647 1100 1689 esse

89 1730 274 1815 dictitabat,
297 1752 354 1794 cur
373 1731 530 1814 quaedam
549 1752 721 1815 corporum
740 1731 942 1796 obiectorum
959 1731 1101 1795 illustra·

89 1841 205 1900 rentur
223 1841 256 1901 et
274 1837 405 1901 umbras
424 1837 568 1902 iacerent
584 1838 705 1922 partim
719 1819 910 1923 corporibus
923 1837 1101 1922 propositis

90 1942 257 2027 aequales,
284 1943 405 2028 partim
428 1943 581 2028 maiores,
603 1943 723 2028 partim
746 1943 887 2009 minores
911 1943 1100 2029 corporibus

88 2049 279 2134 propositis.
316 2053 349 2113 ct
368 2050 516 2133 aequales
536 2051 667 2115 umbras
687 2072 725 2115 ca
737 2049 852 2136 iacere,
871 2073 951 2136 quae
969 2051 1100 2136 ignibus

88 2155 333 2219 illustrantibus
358 2156 505 2240 aequalia
533 2161 654 2242 essent,
686 2161 720 2221 εὴ
746 2157 781 2221 in
807 2157 848 2221 iis
876 2157 1033 2243 accidere,
1064 2162 1101 2222 ut

88 2261 174 2325 radii
202 2262 337 2326 extremi
364 2263 511 2348 paralleli
538 2264 653 2328 fierent
685 2268 718 2328 ct
742 2286 847 2349 neque
878 2263 942 2347 ipsi
970 2286 1101 2329 concur-

88 2372 199 2432 rentes
218 2369 367 2434 umbram
386 2369 601 2434 diminuerent
618 2392 722 2454 neque
740 2392 818 2434 uero
839 2392 872 2434 se
887 2370 1100 2434 diffundentes

88 2479 264 2560 augerent3
302 2477 358 2540 sed
393 2476 486 2560 quale
523 2480 609 2541 essct
633 2476 694 2560 id,
718 2475 817 2559 ⁴quod
848 2475 915 2540 luci
947 2475 1100 2559 officeret,

89 2581 191 2645 talem
214 2581 313 2645 etiam
335 2603 390 2646 eos
415 2583 547 2647 umbrae
571 2603 756 2646 mensuram
775 2603 912 2645 seruare.
958 2581 1099 2646 minores

88 2709 170 2751 uero
198 2688 388 2772 corporibus
415 2689 549 2754 umbrae
578 2693 666 2774 sunt,
697 2688 755 2753 ubi
782 2689 875 2775 ignes
897 2689 1099 2753 illustrantes

89 2793 231 2858 maiores
261 2797 349 2879 sunt3
376 2816 452 2857 nam
480 2793 587 2858 radios
616 2797 776 2858 extremos
803 2793 889 2858 inter
913 2816 946 2858 se
970 2815 1102 2858 concur-

162 2985 204 3038 De
223 2982 277 3038 hac
295 2984 482 3054 praefatione,
506 2984 629 3038 Theonis
653 2985 713 3038 sinc
735 2985 820 3040 dubio
844 3003 861 3039 a
881 2984 1019 3054 discipulo
1038 3002 1100 3055 per-

88 3056 206 3126 scripta,
221 3073 248 3109 u.
260 3055 378 3110 Studien
389 3056 458 3109 fiber
467 3054 571 3109 Euklid
582 3074 610 3124 p.
623 3061 769 3124 138-145,
783 3055 832 3110 ubi
844 3058 953 3110 textum
963 3055 1101 3111 Graecum

88 3131 117 3182 εὴ
135 3127 296 3182 uersionem
315 3126 484 3182 Germanam
503 3126 591 3196 edidi,
612 3126 662 3180 sed
680 3143 732 3195 ope
752 3127 879 3181 codicum
898 3127 1059 3182 destitutus.

88 3305 145 3362 ἐστί
166 3306 232 3360 add.
251 3307 288 3370 ὡς
307 3303 469 3378 συμβαίνειν
488 3323 524 3360 m.
544 3321 597 3358 ree.
617 3304 651 3360 V.
734 3310 773 3360 15.
794 3303 970 3377 συμβαίνειν]
991 3305 1044 3359 del.
1064 3324 1100 3358 m.

87 3395 141 3434 rec.
158 3378 192 3432 V.
263 3385 304 3433 16.
324 3375 455 3448 γίνεσθαι
472 3395 499 3445 p.
573 3381 614 3430 18.
633 3376 702 3430 Post
719 3374 767 3432 καί
786 3377 849 3430 add.
869 3376 920 3446 τήν
938 3395 974 3432 m.
993 3393 1047 3432 rec.
1067 3376 1102 3431 V.

142 3477 296 3530 Euclides,
310 3478 360 3518 edd.
372 3477 475 3528 Hsibsrg
489 3478 511 3516 et
524 3475 614 3527 Margo.
636 3475 688 3516 VII.
908 3472 942 3520 10
