2424 3944
130 163 194 228 172
338 165 548 219 omcontm
565 164 743 219 αεοεαειο
761 162 931 217 τωτοαιε,

195 311 278 376 έστω
311 317 366 376 ἴσα
387 308 513 395 μεγέθη
536 310 576 373 τά
598 313 684 392 ΚΝ,
708 312 788 392 ΛΖ,
813 310 874 372 ΓΔ
900 309 970 374 ἀνω
998 317 1061 374 τοῦ
1084 311 1140 396 ὄμ-

128 441 230 502 ματος
264 422 397 503 κείμενα
431 427 491 482 τοῦ
527 422 571 502 Β,
612 415 667 482 καὶ

130 523 193 589 ἀπὸ
230 533 290 591 τοῦ
325 529 353 589 Β
391 527 535 609 ὄμματος
569 542 671 613 προσ-

128 629 336 697 πιπτέτωσαν
369 630 497 708 ἀκτῖνες
529 632 566 695 αί
592 636 672 716 ΒΝ,

94 742 207 821 οΒΖ,
235 742 310 802 ΒΛ.
365 738 490 804 οὐκοῦν
521 760 672 804 ταπεινο-

129 844 209 927 τάτη
233 842 324 910 ἐστὶν
350 844 371 927 ἡ
397 850 474 910 ΒΛ·
507 846 590 911 ὥστε
616 845 672 911 καὶ

129 954 166 1017 τὸ
189 957 231 1017 Δ.
281 953 365 1016 ὥστε
389 951 445 1017 καὶ
468 953 505 1018 τὸ
528 950 589 1037 μὲν
613 957 673 1018 ΓΔ

129 1061 362 1146 ταπεινότερον
409 1064 563 1143 φαίνεται
612 1069 673 1126 τοῦ

130 1169 210 1248 ΛΖ,
242 1167 279 1230 τὸ
308 1162 345 1230 δέ
373 1170 438 1230 ΛΖ
464 1174 525 1231 τοῦ
553 1170 634 1232 ΚΝ.

80 1362 111 1411 10
610 1343 660 1410 ιε’.

190 1447 271 1514 Ὅσα
294 1448 446 1534 ἀλλήλων
468 1450 619 1536 ὑπερέχει
641 1461 710 1517 τῶν
727 1452 792 1517 ὑπὸ
811 1452 848 1517 τὸ
868 1454 955 1536 ὄμμα
973 1449 1142 1536 κειμένων,

130 1558 328 1644 προσιόντος
353 1553 415 1641 μὲν
441 1564 502 1621 τοὺ
525 1558 670 1642 ὄμματος
692 1561 815 1642 μείζονι
840 1559 878 1622 τὸ
900 1557 1142 1642 ὑπερφαινόμε-

130 1688 193 1729 νον
216 1667 369 1749 φαίνεται
392 1666 512 1747 μεῖζον,
536 1662 692 1741 ἀπιόντος
715 1662 752 1729 δὲ
776 1664 925 1730 ἐλάττονι
948 1667 1070 1749 μεῖζον.

198 1774 281 1836 ἔστω
304 1771 367 1855 χάρ
391 1774 501 1855 μεῖζον
524 1772 561 1836 τὸ
576 1774 645 1835 ΒΓ
662 1780 722 1837 τοῦ
744 1776 816 1854 ΘΖ,
838 1769 894 1836 καὶ
912 1773 1001 1855 ὄμμα
1019 1773 1141 1836 κείσθω

79 1894 112 1943 15
131 1880 168 1943 τὸ
192 1881 227 1941 K
251 1879 320 1942 ἀνω
349 1889 415 1942 τῶν
442 1881 515 1960 ΒΓ,
537 1883 614 1961 ΘΖ,
641 1875 696 1942 καὶ
718 1876 949 1966 προσπιπτέτω
973 1876 1068 1955 ἀκτὶς
1091 1877 1142 1942 ὑιά

131 1993 191 2049 τοῦ
212 1988 241 2048 Θ
263 1982 284 2065 ἡ
303 1986 381 2048 ΚΔ.
419 1983 543 2049 οὐκοῦν
562 1987 599 2050 τὸ
616 1988 685 2050 ΒΓ
702 1993 761 2049 τοῦ
782 1988 844 2050 ΘΖ
862 1987 973 2069 μεῖζον
992 1987 1142 2069 φαίνεται

131 2099 177 2178 τῷ
196 2094 273 2154 ΒΛ·
297 2095 372 2155 ἴσον
389 2091 453 2175 χάρ
472 2089 626 2175 ἐφαίνετο
644 2093 682 2157 τὸ
704 2096 766 2156 ΘΖ
788 2101 834 2178 τῷ
853 2097 887 2156 Δ
893 2095 930 2175 Γ,
949 2089 1064 2175 ἐπειδὴ
1081 2091 1142 2156 ὑπὸ

131 2205 191 2261 τοῦ
210 2195 314 2260 αὑτοῦ
333 2197 477 2280 ὄμματος
493 2196 549 2262 καὶ
567 2207 625 2282 τῆς
639 2201 705 2262 ΚΛ
724 2197 856 2274 ἀκτῖνος
874 2195 1009 2283 έωρᾶτο.
1045 2197 1143 2263 πάλιν

132 2303 174 2387 δὴ
206 2306 411 2388 μετακείσὺω
443 2304 481 2368 τὸ
513 2306 601 2388 ὄμμα
634 2302 687 2370 ἐπὶ
716 2306 753 2370 τὸ
782 2307 827 2387 Λ,
858 2302 914 2369 καὶ
943 2304 1000 2368 ὄιά
1027 2313 1090 2370 τοὺ
1118 2307 1144 2369 Θ

80 2425 114 2475 20
131 2408 360 2498 προσπιπτέτω
385 2408 476 2487 ἀκτὶς
498 2410 518 2494 ἡ
543 2415 621 2476 ΛΝ.
668 2411 792 2476 οὐκοῦν
814 2410 915 2476 πόλιν
937 2412 975 2476 τὸ
1000 2415 1071 2476 ΒΓ
1086 2419 1142 2477 τοῦ

135 2522 197 2582 ΘΖ
220 2521 329 2602 μεῖζον
352 2520 505 2602 φαίνεται
528 2527 574 2606 τῷ
597 2522 675 2583 BN.
726 2517 874 2583 έλάττονι
902 2520 967 2606 ἀρα
990 2521 1142 2603 φαίνεται

132 2623 295 2712 ὑπερέχον
316 2626 353 2690 τὸ
377 2628 446 2689 ΒΓ
462 2633 522 2690 τοῦ
548 2629 611 2689 ΘΖ
634 2624 789 2702 ἀπιόντος
812 2633 872 2690 τοῦ
895 2626 1041 2710 ὄμματος
1063 2627 1142 2711 ἥπερ

133 2734 339 2819 προσιόντος.
649 2818 658 2842 Ι

613 2839 667 2889 ις.

81 2940 115 2989 25
192 2924 274 2992 Ὅσα
293 2926 445 3010 ἀλλήλων
462 2926 613 3014 ὑπερέχει
632 2926 719 2992 κάτω
739 2935 799 2991 τοῦ
818 2927 963 3011 ὄμματος
981 2926 1142 3012 κειμένου,

133 3036 330 3122 προσιόντος
347 3029 408 3117 μὲν
430 3041 490 3098 τοῦ
513 3035 657 3117 ὄμματος
681 3032 831 3097 έλάττονι
853 3035 964 3117 μεῖζον
986 3034 1024 3098 τὸ
1047 3033 1143 3119 ὑπερ·

133 3143 338 3228 φαινόμενον
360 3142 524 3224 φαίνεται,
547 3138 703 3216 ἀπιόντος
725 3136 762 3204 ὑὲ
785 3142 908 3224 μείζονι
930 3142 1051 3223 μεῖζον.

206 3323 230 3373 3.
256 3317 289 3388 Β]
312 3334 349 3371 m.
369 3330 422 3369 rec.
442 3313 476 3368 V.
569 3320 592 3368 7.
616 3320 642 3368 Δ
662 3345 694 3354 -
713 3314 757 3387 τό]
783 3330 835 3368 om.
854 3331 904 3384 pv.
996 3313 1066 3370 ὥστε
1083 3310 1143 3386 καί]

133 3406 169 3442 m.
191 3396 204 3441 1
225 3388 258 3457 V,
284 3387 333 3442 καὶ
352 3384 400 3440 διὰ
418 3393 501 3439 τοῦτο
520 3404 555 3441 m.
575 3402 629 3440 rec.
722 3392 746 3440 9.
765 3386 834 3440 Post
852 3388 916 3440 ΚΝ
932 3386 997 3441 add.
1016 3395 1074 3442 τῶν
1091 3385 1143 3465 ἀρα

135 3458 202 3514 ἴσων
221 3463 349 3529 μεγεθῶν
368 3456 417 3512 καὶ
434 3455 470 3510 τὰ
489 3455 551 3527 ἑξῆς
569 3475 605 3513 m.
624 3473 678 3512 rec.
698 3456 731 3511 V.
810 3462 851 3511 13.
871 3457 1018 3529 ἀπιόντος]
1037 3478 1099 3514 -ον·
1116 3473 1144 3509 m

134 3547 188 3584 ras.
208 3530 241 3584 V.
320 3533 361 3583 17.
381 3533 419 3600 τῷ
433 3528 507 3599 (pr.)]
525 3527 557 3582 τό
576 3546 601 3583 v.
680 3527 755 3599 ἴσον]
773 3546 810 3583 m.
829 3545 883 3583 rec.
903 3528 937 3597 V,
957 3545 1048 3599 comp.
1067 3547 1103 3584 m.
1121 3532 1144 3582 1.
