2424 3944
294 142 510 195 orriconuu
527 143 706 196 nncnusro
724 144 890 198 rnnorrrs.
1037 143 1101 206 173

157 285 224 351 sint
252 289 336 372 KN,
358 290 438 373 AZ,
462 290 522 351 ΓΛ
554 287 794 373 magnitudines
826 288 975 372 aequales
1005 310 1104 373 supra

89 392 222 458 oculum
244 397 273 457 Β
300 393 443 478 positae,
470 397 503 457 et
526 415 545 457 a
568 397 597 457 Β
625 393 719 458 oculo
746 394 829 458 radii
851 393 1003 459 adcidant
1024 398 1103 479 BN,

89 505 120 565 B
127 505 169 583 Z,
192 504 265 564 ΒΔ.
319 499 430 584 itaque
458 505 526 566 BA
555 500 694 564 maxime
724 505 774 565 est
801 500 973 586 demissus,
1004 521 1102 583 quare

91 606 192 672 etiam
211 613 252 673 A.
285 628 363 694 ergo
383 607 485 672 etiam
499 609 560 672 ΓΔ
578 607 749 672 demissior
767 608 899 692 adparet
918 628 1014 690 quam
1030 611 1104 691 AZ,

90 718 123 779 Λ
129 719 157 778 Ζ
181 718 289 778 autem
314 735 411 797 quam
429 716 508 779 KN.

572 837 621 902 15.

157 943 422 1031 Magnitudinum
447 944 507 1008 sub
531 943 624 1009 oculo
648 944 839 1029 positarum,
861 966 943 1028 quae
965 945 1051 1009 inter
1070 967 1103 1009 se

88 1051 265 1135 excedunt,
298 1051 455 1116 excedens
485 1049 579 1116 oculo
612 1050 890 1136 adpropinquante
918 1051 1023 1136 magis
1054 1073 1105 1115 ex-

90 1158 203 1224 cedere
226 1158 364 1242 uidetur,
386 1156 554 1222 recedente
577 1178 655 1222 uero
679 1158 796 1222 minus.

160 1263 203 1328 sit
225 1263 312 1328 enim
336 1266 446 1335 ΒΓ>
463 1267 538 1346 ΘΖ,
566 1267 599 1327 et
627 1263 740 1327 oculus
764 1266 800 1326 K
825 1285 922 1346 supra
945 1266 1018 1349 BF,
1043 1268 1105 1328 ΘΖ

89 1362 242 1455 ponatur,
265 1370 374 1435 radius
394 1374 503 1434 autem
521 1372 591 1433 KA
613 1391 671 1453 per
692 1374 720 1434 Θ
739 1368 875 1435 adcidat.
912 1370 1022 1453 itaque
1042 1373 1111 1434 ΒΓ

651 1475 908 1562 magnitudinem
930 1479 994 1539 ΘΖ
1017 1497 1105 1560 mag-

650 1582 797 1647 nitudine
841 1586 912 1646 BA
953 1581 1104 1646 excedere

650 1689 794 1774 uidetur3
819 1687 995 1773 adparebat
1018 1685 1104 1752 enim

581 1809 608 1868 A
653 1797 864 1880 oz=A13
887 1793 1040 1878 quoniam
1063 1794 1114 1858 ab·

652 1901 765 1966 eodem
812 1901 906 1967 oculo
950 1900 1105 1984 radioque

652 2011 721 2072 KA
747 2009 947 2074 cernebatur.
991 2029 1104 2071 rursus

651 2115 755 2203 igitur
769 2115 882 2181 oculus
899 2115 939 2179 ad
953 2118 984 2178 A
1002 2118 1106 2178 trans-

652 2222 785 2308 feratur,
804 2227 837 2287 et
854 2244 912 2308 per
930 2226 958 2286 Θ
977 2221 1105 2286 adridat

91 2329 204 2395 radius
233 2332 311 2394 AN.
364 2328 474 2414 itaque
510 2349 623 2395 rursus
654 2332 722 2395 ΒΓ
751 2327 1009 2416 magnitudinem
1043 2334 1105 2394 ΘΖ

93 2435 320 2522 magnitudine
347 2441 421 2502 BN
444 2438 595 2503 excedere
622 2436 760 2502 uidetur.
811 2457 889 2522 ergo
918 2439 987 2500 ΒΓ
1010 2435 1104 2501 oculo

92 2543 264 2608 recedente
289 2543 396 2607 minus
425 2544 575 2609 excedere
602 2543 732 2608 uidetur
759 2541 1016 2629 magnitudinem
1042 2547 1104 2607 ΘΖ

95 2671 196 2734 quam
219 2649 312 2713 oculo
336 2647 656 2736 adpropinquante.¹)

576 2793 625 2856 16.

161 2895 439 2984 Magnitudinem,
471 2920 552 2982 quae
581 2899 674 2963 oculo
706 2897 792 2963 infra
822 2898 931 2984 posito
958 2898 1044 2963 inter
1071 2921 1105 2962 se

94 3003 268 3089 excedunt,
301 3005 456 3070 excedens
485 3006 579 3071 oculo
608 3006 888 3091 adpropinquante
915 3005 1022 3070 minus
1050 3027 1104 3069 ex-

95 3111 210 3176 cedere
232 3110 375 3194 uidetur,
398 3112 566 3178 recedente
590 3133 667 3177 uero
691 3112 805 3198 magis.

166 3236 193 3303 1)
211 3233 326 3287 Praeter
339 3235 465 3288 nostram
478 3233 605 3303 figuram,
624 3232 654 3286 in
668 3250 724 3301 qua
737 3250 774 3288 m.
789 3249 842 3287 rec.
858 3231 1008 3302 adscripsit
1021 3242 1103 3289 τοῦτο

95 3303 201 3374 ὀρθόν,
221 3304 308 3358 aliam
326 3321 437 3374 quoque
457 3303 623 3358 dissimilem
640 3304 729 3358 habet
746 3304 779 3358 V.

129 3431 205 3484 Ante
225 3433 279 3487 az
297 3447 351 3484 ras.
373 3437 386 3483 1
406 3403 525 3484 rar}
582 3438 621 3484 a.
640 3428 671 3483 a
684 3401 944 3500 (pratis
969 3434 1011 3484 21.
1031 3430 1104 3484 Ante

94 3505 151 3559 ΘΖ
168 3518 223 3558 ras.
244 3507 258 3556 1
278 3500 333 3556 litt.
353 3520 378 3557 v.
452 3498 583 3557 ἐλάττωνι
602 3518 629 3570 V,
649 3502 678 3554 et
695 3501 729 3571 V,
749 3500 798 3554 sed
818 3517 885 3555 corr.
904 3519 941 3556 m.
961 3517 1013 3556 rec.
