2424 3944
135 153 203 218 354
413 154 570 206 scnom
587 155 627 206 m
646 155 877 208 οειοινεαιοε.

205 295 256 361 25.
288 300 377 381 Λίχα
401 296 443 362 ἀν
466 303 516 379 είη
539 295 722 381 τετμημένη
749 297 879 381 p.318‚
901 298 961 382 10]
991 296 1064 362 ἐπεὶ
1093 294 1157 364 οὖν

136 407 174 469 αί
194 405 251 468 ὃιά
273 405 335 487 τὴν
358 402 540 467 ἀνάκλασιν
565 409 643 484 ίσαι,
667 401 699 480 ἐξ
719 397 767 468 ὧν
786 404 823 467 αί
839 402 1156 489 ἀπολαμβανόμενοι

136 513 220 596 πρὸς
243 519 282 594 τῇ
305 512 497 596 περιφερείᾳ
521 508 588 573 ὑπὸ
611 518 669 593 τῆς
691 513 760 573 ΚΡ
784 516 852 575 ίσαι
876 511 932 575 διὰ
955 512 993 575 τὸ
1017 515 1177 605 σχόλιονΙ

137 619 175 683 τὸ
195 616 231 682 ἐν
250 626 295 704 τςό
315 613 353 680 α’.
366 614 431 699 [8],
455 616 552 698 λοιπὴ
576 616 640 701 ἀρα
661 614 682 697 ἡ
700 615 766 680 ὑπὸ
786 620 878 680 ΡΑΒ
902 621 1001 703 λοιπῇ
1025 628 1067 704 τῇ
1089 619 1157 684 ὑπὸ

102 736 118 784 τ
137 729 237 791 1(Αο
261 730 325 807 ιση.
362 719 435 787 ια’
456 723 476 806 η
499 721 565 786 ὑπὸ
589 726 681 786 PAR
705 731 744 807 τη
767 723 833 787 σοι
853 727 954 788 zAK
974 730 1029 808 ιιη
1050 724 1155 790 ἐστιν·

136 834 219 897 κατὰ
242 831 396 915 κορυφὴν
419 827 496 913 γάρ·
523 826 579 892 καὶ
602 827 622 910 ἡ
645 828 711 893 ὑπὸ
736 833 838 894 ΘΑΚ
858 831 922 917 ἀρα
946 837 1001 914 ίση
1025 841 1066 917 τῇ
1090 833 1157 897 ὑπὸ

137 943 206 1002 ΚΑ
213 942 249 1002 Ζ.

204 1063 257 1127 26.
289 1063 424 1138 Μείζων
448 1061 513 1144 ἀρα
531 1058 551 1141 ἡ
570 1063 640 1124 ΕΚ
660 1083 690 1144 p.
710 1061 786 1145 318,
807 1061 862 1146 11]
886 1064 969 1128 ἔστω
988 1066 1158 1149 τρίγωνον

138 1170 174 1233 τὸ
199 1172 310 1250 ΑΖΕ,
333 1165 388 1231 καὶ
412 1167 489 1249 δίχα
511 1167 685 1249 τετμήσθω
710 1165 731 1248 ἡ
750 1172 782 1231 Α
805 1173 910 1250 γωνία
933 1178 973 1255 τῇ
996 1174 1077 1254 ΑΚ,
1100 1168 1157 1234 καὶ

84 1283 118 1332 10
138 1277 219 1341 ἔστω
248 1274 387 1358 ἀμβλεῖα
413 1273 434 1355 ἡ
462 1272 528 1337 ὑπὸ
552 1275 664 1337 ΑΚΕ.
710 1272 810 1358 λέγω,
839 1275 889 1340 ὅτι
917 1279 1037 1360 μείζων
1066 1274 1157 1342 ἐστὶν

137 1381 250 1464 ἡΕΚ
279 1390 337 1463 τῆς
364 1383 438 1444 ΚΖ.
489 1381 584 1462 ἤχθω
617 1380 681 1462 γὰρ

137 1488 278 1563 κάθετος
305 1487 325 1570 ἡ
349 1491 433 1570 AA,
460 1484 515 1551 καὶ
542 1483 618 1570 περὶ
643 1487 681 1550 τὸ

137 1598 303 1680 τρίγωνον
340 1594 377 1657 τὸ
415 1598 447 1657 Α
459 1596 528 1657 ΖΕ
562 1593 682 1668 κύκλος

85 1817 118 1866 15
139 1814 277 1871 σθωσαν
309 1804 329 1887 ἡ
362 1810 432 1869 AA
463 1803 518 1869 καὶ
549 1805 570 1888 ἡ
604 1808 681 1869 ΛΚ.

138 1919 202 1977 εἴτε
236 1908 272 1977 δὲ
304 1910 393 1990 ὀξεῖα
425 1917 475 1994 είη
507 1911 528 1994 ἡ
557 1915 584 1975 Ζ
618 1917 682 1975 είτε

138 2019 226 2103 ὀρθὴ
249 2024 313 2083 εἴτε
337 2018 485 2101 ἀμβλεῖα,
507 2020 682 2103 προβαίνει

138 2125 158 2208 ἡ
178 2123 352 2200 ἀπόδειξις.
389 2126 421 2187 εί
437 2125 500 2206 γὰρ
518 2129 571 2206 ίση
592 2122 683 2188 ε’στλν

138 2230 158 2313 ἡ
186 2230 252 2295 ὑπὸ
281 2233 386 2293 ΚΑΕ
413 2237 453 2313 τῇ
479 2228 545 2293 ὑπὸ
569 2233 682 2313 ΚΑΖ,

84 2355 120 2404 20
139 2342 193 2420 ίση
229 2332 285 2400 καὶ
318 2334 338 2418 ἡ
372 2339 450 2399 ΕΝ
476 2334 682 2422 περιφέρεια·

139 2446 258 2527 μείζων
294 2443 358 2529 ἀρα
395 2443 415 2526 ἡ
447 2447 526 2507 ΕΜ
558 2452 615 2527 τῆς
646 2447 729 2508 ΜΖ.
788 2445 899 2525 μεῖζον
930 2442 995 2526 ἀρα
1030 2439 1087 2506 καὶ
1119 2443 1158 2507 τὸ

141 2549 204 2613 ἀπὸ
232 2553 309 2613 ΜΕ
333 2559 393 2614 τοῦ
421 2549 485 2614 ἀπὸ
513 2554 601 2633 ΜΖ,
633 2548 782 2614 τουτέστι
813 2548 854 2612 τὰ
881 2547 945 2612 ἀπὸ
974 2552 1065 2631 ΜΛ,
1091 2553 1161 2613 ΛΕ

141 2667 208 2720 τῶν
236 2655 299 2720 ἀπὸ
324 2660 409 2740 ΜΛ,
430 2660 504 2720 AZ.
555 2658 671 2722 κοινὸν
698 2656 886 2741 ἀφηρησθω
914 2655 951 2719 τὸ
977 2654 1042 2719 ἀπὸ
1066 2660 1157 2721 ΜΛ·

141 2764 260 2827 λοιπὸν
291 2764 356 2847 ἀρα
385 2764 422 2827 τὸ
451 2763 514 2827 ἀπὸ
542 2767 609 2828 ΕΛ
641 2771 701 2827 τοῦ
728 2762 792 2828 ἀπὸ
821 2765 885 2826 ΛΖ
917 2763 1028 2845 μεῖζόν
1056 2759 1156 2826 ἐστιν.

85 2886 122 2935 25
141 2871 256 2934 κοινὸν
277 2872 488 2954 προσκείσθω
512 2870 549 2933 τὸ
574 2869 637 2934 ἀπὸ
658 2873 734 2933 ΛΑ·
758 2869 797 2932 τὰ
821 2870 885 2948 ἀρα
904 2867 968 2932 ἀπὸ
987 2871 1064 2951 EA,
1080 2871 1156 2951 AA,

213 3210 237 3259 λ,
254 3202 323 3275 ίσαι]
337 3200 386 3257 καί
400 3203 433 3258 V.
489 3202 769 3275 ἀπολαμβανόμενοι]
785 3199 1064 3273 ἀπολαμβανομένων
1075 3202 1108 3257 αἱ
1123 3201 1156 3257 V.

177 3298 201 3347 4.
226 3292 294 3346 Post
316 3291 347 3345 τό
371 3309 424 3346 ras.
447 3297 460 3345 1
485 3291 540 3346 litt.
564 3293 597 3347 V.
690 3299 713 3346 6.
738 3290 879 3362 κορυφήν]
898 3289 1003 3360 κοροφς
1022 3291 1054 3345 V.
1132 3297 1155 3347 7.

142 3370 193 3418 ΚΑ
203 3364 234 3435 Ζ]
255 3380 270 3416 e
289 3380 357 3417 corr.
373 3381 399 3431 q,
420 3367 504 3416 ΚΛΖ
522 3363 554 3418 V.
611 3368 635 3417 9.
655 3362 812 3434 τετμήσθω]
831 3365 1003 3432 τεαχθησθω
1021 3361 1055 3415 V.
1115 3368 1155 3418 18.

144 3436 184 3506 εἰ]
205 3451 255 3487 ser.
276 3431 356 3489 ἐπείῬ
435 3440 475 3487 20.
496 3434 513 3504 ἡ
534 3435 612 3504 ΕΝ]
633 3434 744 3488 ENV.
834 3433 903 3487 Post
920 3431 1089 3503 περιφέρεια
1108 3434 1158 3488 ad-

142 3506 265 3559 dendum
283 3514 316 3576 τῇ
336 3509 396 3558 ΜΖ
414 3502 586 3579 περιφερείᾳ.
