2424 3944
289 146 445 236 §onom
462 148 502 198 ΙΝ
520 148 690 200 σοοοτοτο
710 148 846 202 οΡιῚοΔ.
1010 149 1071 212 131

131 290 184 355 30.
221 287 277 366 Ὡς
305 290 418 374 ME
443 295 510 355 κτλ.
538 313 569 374 p.
588 292 645 376 28,
671 290 725 375 10]
757 293 813 356 διὰ
840 293 877 357 τὸ
901 291 935 357 θ’
959 302 1019 359 τοῦ
1042 291 1076 362 ς’

14 381 17 389 ’
66 405 135 460 τῶν
162 400 358 480 Στοιχείων·
390 399 548 478 ἰσογώνια
572 399 634 483 γάρ
658 399 698 462 τὰ
725 402 871 483 τρίγωνα
899 400 955 464 διὰ
977 401 1014 465 τὸ
1039 399 1075 465 ἐν

63 513 137 577 ταῖς
159 491 384 588 παραλλήλοις
407 502 578 587 ἐμπίπτειν
601 504 746 568 εὐθεῖαν.

131 629 183 691 31.
208 625 321 713 ’Άχρις
345 623 385 692 οὑ
409 631 619 713 συμβαλεῖς).
639 627 767 713 28,24]
796 627 944 695 τουτέστι
962 629 1076 716 μέχρις

63 733 107 798 άν
131 735 168 798 τὸ
191 732 293 820 πέρας
316 743 375 798 τοῦ
398 734 506 812 ὕφους
528 734 548 817 ἢ
571 737 608 799 τὸ
632 737 735 821 ἄκρον
760 736 886 820 δηλαδὴ
910 739 947 802 τὸ
966 722 1003 802 Αι
1022 737 1075 822 ίμ-
1112 748 1128 797 5

64 841 247 924 φανήσεται
270 850 315 928 τῷ
339 843 510 929 κατόπτρῳ
533 842 813 931 μετακινουμένφ·
844 844 884 908 οὑ
907 844 970 929 γάρ
993 847 1076 909 κατά

62 948 198 1032 πρώτην
216 949 319 1031 τυχὸν
337 949 528 1034 προσβολὴν
545 947 729 1032 τῆςόψεως
747 947 819 1014 κατ’
837 952 981 1034 ἔμφασιν
999 950 1077 1036 ὁρα-

62 1055 202 1136 θήσεται
235 1054 324 1140 παρά
351 1063 408 1137 τῆς
436 1053 544 1131 ὅψεως
572 1054 608 1119 ἐν
635 1064 680 1143 τῷ
708 1058 880 1144 κατόπτρῳ
907 1058 944 1122 τὸ
974 1059 1077 1141 άκρον

63 1168 124 1224 τοῦ
146 1160 263 1237 ὕψους.

131 1285 182 1349 32.
214 1281 268 1348 'Ev
295 1295 365 1360 τοῖς
391 1287 634 1371 Κατοπτρικοϊς
661 1308 691 1369 p.
715 1286 771 1370 30,
796 1286 836 1370 3]
870 1287 925 1351 ὑιὺ
953 1288 1012 1352 τὸν
1040 1286 1076 1352 ἐν
1097 1299 1131 1348 10

63 1401 134 1465 τοῖς
156 1392 400 1475 Κατοπτρικοϊς
424 1391 504 1477 ὅρον
528 1391 633 1476 [prop.
652 1389 692 1474 1].
921 1476 923 1481 Α

131 1517 183 1582 33.
208 1515 280 1600 ’Ίση
299 1519 403 1598 γωνία
422 1515 442 1598 ἡ
461 1516 526 1580 ὑπὸ
546 1520 643 1581 ΕΖΒ
662 1540 692 1601 p.
708 1517 761 1601 30,
781 1515 838 1600 25]
858 1517 994 1581 κάθετοι
1012 1520 1076 1605 γάρ

62 1623 101 1687 οιί
121 1627 184 1687 ΕΖ
206 1620 262 1687 καὶ
286 1628 364 1687 ΑΛ.

130 1749 181 1814 34.
212 1744 309 1812 'Ande
332 1745 387 1812 καὶ
410 1747 430 1832 ἡ
453 1746 518 1812 ὑπὸ
543 1751 643 1811 ΑΒΔ
665 1770 694 1831 p.
715 1748 771 1832 30,
792 1747 849 1832 26]
872 1747 955 1812 κατά
978 1755 1075 1834 κορὺ-

62 1856 133 1938 φὴν
155 1855 228 1939 γάρ.
939 1863 943 1872 “
1095 1865 1128 1916 15

131 1979 182 2044 35.
220 1976 287 2043 Καὶ
320 1978 340 2062 ὑ
372 1981 465 2065 τρίτη
498 1980 563 2063 άρα
595 2002 627 2064 p.
651 1980 708 2064 30,
732 1979 794 2063 26]
828 1977 873 2044 δι’
904 1979 943 2044 ὃν
975 1983 1076 2062 λόγον

63 2087 199 2150 άνωθεν
222 2083 410 2170 γέγραπται.

130 2211 181 2276 36.
225 2208 385 2274 Βλέπεται
421 2232 451 2293 p.
480 2209 598 2295 34,1]
635 2209 741 2285 οὑτως
774 2211 794 2294 ἡ
826 2215 895 2275 ΚΛ
932 2210 1076 2277 ἐλάττων

63 2318 248 2401 φανήσεται
271 2324 328 2400 τῆς
347 2320 412 2380 ΚΒ
435 2318 479 2400 μὴ
503 2325 562 2381 τοῦ
581 2322 614 2380 Λ
635 2318 719 2403 πρὸς
742 2326 781 2403 τῇ
804 2321 998 2405 περιφερείᾳ
1021 2319 1076 2383 θο-

61 2431 203 2499 κοῦντος
230 2427 426 2507 φαίνεσθαι,
459 2421 531 2488 ἀλλ’
556 2423 710 2489 ὑποκάτω
738 2432 798 2488 τοῦ
821 2427 865 2507 Β,
897 2422 952 2488 καὶ
980 2425 1017 2488 τὸ
1045 2429 1077 2495 Ε
1094 2433 1130 2482 20

64 2529 222 2605 ὡσαύτως
241 2527 316 2614 οὐχὶ
333 2531 417 2614 πρὸς
434 2540 474 2615 τῇ
491 2533 692 2617 περιφερείᾳ,
711 2527 785 2594 ἀλλ’
801 2529 955 2594 ὑποκάτω
970 2537 1029 2593 τοῦ
1044 2534 1077 2593 Δ

63 2634 120 2701 καὶ
153 2636 259 2712 οὕτως
291 2637 336 2713 ὡς
366 2634 422 2702 καὶ
454 2637 587 2713 εὐθείας
620 2637 682 2701 άπὸ
710 2645 770 2701 τοῦ
800 2640 828 2700 Β
860 2637 943 2721 πρὸς
970 2635 1077 2722 ὀρθάς

60 2739 269 2826 κατηγμένης
287 2743 343 2807 διὰ
360 2754 428 2808 τῶν
443 2749 486 2826 Δ,
500 2748 532 2808 Ε
548 2744 695 2826 θιῆχθαι.
732 2741 815 2807 ἀλλὰ
834 2743 875 2826 δὴ
890 2741 944 2807 καὶ
959 2751 1018 2807 τοῦ
1034 2747 1075 2807 Ζ·

62 2846 119 2914 καὶ
142 2849 179 2914 τὸ
200 2853 228 2913 Ζ
251 2848 314 2935 γάρ
337 2848 490 2913 ὑποκάτω
514 2857 573 2913 τοῦ
592 2853 625 2912 Ε
644 2847 831 2932 ὀφθήσεται
852 2845 908 2913 καὶ
931 2848 971 2913 οὑ
993 2849 1077 2935 πρὸς

62 2966 104 3041 τῇ
128 2959 327 3042 περιφερείᾳ.
349 3007 351 3011 ,
373 2957 432 3021 τὸν
455 2956 557 3021 αὑτὸν
581 2951 617 3019 δὲ
640 2957 764 3041 τρόπον
789 2953 844 3020 καὶ
869 2954 931 3020 ἀπὸ
954 2963 1014 3019 τοῦ
1039 2958 1076 3039 Γ,
1095 2962 1129 3012 25

64 3063 111 3137 ὡς
139 3064 321 3146 φαίνεσθαι
349 3059 401 3126 ἐπὶ
424 3071 501 3147 μιᾶς
523 3061 657 3138 εὐθείας
681 3070 739 3146 τῆς
761 3065 829 3126 ΒΓ
850 3064 890 3126 τά
912 3066 957 3147 Β,
975 3067 1018 3145 Δ,
1036 3066 1076 3146 Ε,

65 3172 110 3252 Ζ,
128 3172 179 3250 Η,
200 3171 243 3251 0,
263 3170 295 3231 Γ
314 3179 466 3252 στοιχεῖα.

100 3306 251 3434 36307203.
306 3313 347 3362 31.
367 3308 413 3364 V’.
469 3313 511 3362 32.
530 3308 579 3362 Vb.
635 3312 676 3362 33.
696 3306 744 3362 Vb.
800 3312 842 3362 34.
862 3307 909 3362 Vb.
965 3312 1006 3361 35.
1026 3304 1074 3363 Vb.

138 3512 161 3560 5.
181 3503 212 3576 ἤ]
232 3520 315 3574 supra
334 3520 384 3557 scr.
417 3581 420 3588 Ι

902 3593 915 3622 ⁸

881 3596 896 3645 9
1101 3673 1124 3709 s
