2424 3944
298 145 507 198 orncoauu
524 144 702 197 aacnusro
721 145 886 198 eunome
1032 141 1096 206 183

89 287 292 374 contingent.
312 309 410 373 quare
420 287 502 353 radii
515 290 572 351 aa
587 287 680 352 oculo
692 287 874 352 adcidentes
887 290 1027 372 perBZ,
1036 289 1098 350 ΒΛ

90 396 216 462 cadent.
240 399 273 460 et
287 394 439 478 quoniam
453 393 574 480 singuli
585 393 698 480 anguli
711 394 752 458 ad
763 397 792 458 Θ
805 393 905 478 positi
917 393 998 459 recti
1013 397 1099 478 sunt,

91 502 170 586 quia
193 504 254 566 ΓΛ
276 504 383 566 rectae
407 503 471 566 ΖΛ
495 499 650 585 parallela
676 505 740 586 est,
770 505 804 566 et
827 504 891 565 ΖΘ
906 530 947 554 a
964 503 1038 585 ΘΛ,
1070 501 1098 564 si

90 612 242 673 manente
268 610 329 671 ΘΒ
352 606 534 693 triangulus
555 609 650 671 ΘΖΒ
673 605 927 671 circumuolutus
950 606 991 671 ad
1012 606 1099 671 idem

89 717 249 799 punctum
280 735 392 777 rursus
418 712 616 792 restituitur,
647 714 731 777 unde
762 712 840 777 ferri
872 717 1005 797 coeptus
1038 718 1099 798 est,

91 824 157 885 ΒΖ
178 819 414 886 circumuoluta
435 839 500 882 uno
522 818 595 883 loco
622 819 824 903 superficiem
848 819 1002 904 sphaerae
1025 842 1099 885 con·

89 927 207 1012 tinget,
230 925 354 991 scilicet
375 925 410 989 in
434 929 475 1010 Z,
497 927 531 989 et
553 924 691 990 circulus
714 947 772 1010 per
793 930 915 1010 puncta
938 930 975 1012 Z,
993 931 1025 991 Λ
1048 927 1099 992 de
1156 930 1158 936 '

90 1031 232 1116 scriptus
247 1032 317 1097 erit.
337 1031 447 1115 itaque
462 1051 543 1116 quae
556 1030 698 1096 cernitur
711 1053 785 1116 pars
800 1031 963 1117 sphaerae,
978 1033 1098 1099 circulo

90 1138 324 1222 comprehensa
337 1138 412 1222 erit3
430 1141 463 1202 et
476 1137 582 1202 minor
596 1141 646 1202 est
662 1137 914 1224 hemisphaeri03
934 1142 994 1203 ΖΛ
1012 1140 1098 1205 enim

91 1244 198 1310 minor
225 1249 276 1310 est
302 1245 512 1310 semicirculo.
563 1265 640 1330 ergo
668 1244 767 1309 etiam
799 1245 885 1327 quod
912 1244 986 1308 uisu
1013 1268 1100 1311 com·

88 1350 315 1436 prehenditur,
336 1351 442 1416 minus
465 1354 516 1415 est
537 1350 784 1435 hemisphaerio.

568 1547 621 1610 24.

159 1650 261 1717 Oculo
285 1653 325 1717 ad
343 1652 513 1737 sphaeram
532 1649 819 1735 adpropinquante,
841 1650 928 1734 quod
947 1653 1099 1738 cernitur,

90 1757 200 1823 minus
223 1758 293 1843 erit,
315 1757 480 1822 uidebitur
503 1760 611 1820 autem
633 1755 707 1839 plus
731 1756 827 1821 cerni.

671 1860 715 1926 sit
737 1861 823 1927 enim
842 1863 986 1948 sphaera,
1007 1864 1099 1930 cuius

614 1973 761 2033 centrum
792 1968 836 2033 sit
867 1971 915 2055 K,
951 1974 984 2035 et
1016 1994 1035 2035 a
1066 1978 1100 2037 A

614 2073 707 2154 oculo
731 2074 772 2139 ad
794 2080 941 2141 centrum
963 2078 1100 2144 ducatur

612 2183 690 2265 ΔΚ,
713 2185 746 2246 et
763 2203 822 2266 per
839 2185 874 2246 K
892 2185 1101 2271 perpendicu-

612 2287 690 2352 laris
717 2289 952 2375 ducaturus,
980 2296 1013 2357 et
1040 2293 1100 2358 cir·

614 2410 688 2458 cum
714 2398 786 2458 ΛΚ
815 2395 953 2461 circulus
983 2398 1100 2463 descri-

612 2499 723 2585 batur,
759 2502 980 2586 ducanturque
1015 2490 1099 2589 AN,

612 2609 704 2691 NK,
735 2610 818 2691 ΔΛ,
849 2611 928 2672 ΛΚ.
987 2609 1098 2695 itaque
1193 2625 1197 2631 ’

525 2784 526 2790 ¹
613 2711 723 2796 anguli
740 2712 780 2777 ad
795 2717 887 2798 A,N
899 2715 1000 2799 positi
1018 2717 1100 2782 recti

613 2823 716 2903 crunt,
741 2819 817 2904 quia
839 2819 873 2884 in
896 2822 1099 2888 semicirculo

613 2929 697 2988 sunt.
728 2924 764 2988 in
777 2948 842 2990 uno
860 2927 962 3013 igitur
975 2933 1097 3012 puncto

613 3035 691 3117 ΔΛ,
712 3036 789 3098 ΛΝ
820 3033 989 3119 sphaeram
1026 3056 1100 3100 con-

611 3137 752 3223 tingunt.
785 3138 896 3223 itaque
917 3141 999 3205 radii
1023 3164 1042 3206 a
1065 3146 1099 3205 A

613 3244 706 3308 oculo
734 3245 917 3311 adcidentes
943 3269 1002 3332 per
1024 3250 1100 3331 ΔΛ,

85 3450 158 3489 corr.
178 3448 213 3486 ex
231 3435 294 3487 ΛΝ
308 3451 343 3488 m.
363 3449 415 3489 rec.
434 3435 468 3490 V.
525 3440 567 3490 23.
586 3436 654 3490 Post
672 3441 730 3491 ΛΚ
746 3437 810 3494 add.
832 3441 887 3493 ΝΔ
905 3457 940 3494 m.
957 3445 972 3493 2
987 3438 1021 3508 V,
1041 3436 1097 3492 del.

86 3523 126 3561 m.
146 3519 200 3559 rec.
