2424 3944
80 121 145 184 140
305 123 462 175 scHOLIA
479 123 520 174 m
537 121 706 173 Εοοτιωιε
726 120 863 173 0ch.

147 267 196 331 73.
234 263 510 352 Παρεσπασμένοι
537 287 568 348 p.
598 265 650 350 80,
678 263 717 348 7]
749 265 823 347 ἢτοι
851 264 899 340 είς
925 263 963 328 ἓν
994 260 1096 349 μέρος
1179 302 1183 315 ·

26 373 31 383 ’
78 370 158 437 καθ’
180 372 261 455 ὅλην
284 376 363 457 μίαν
386 372 563 456 διάμετρον
587 370 761 455 ἐπιμήκεις.

148 498 198 562 74.
232 495 287 561 Ἐν
304 496 368 580 γὰρ
387 505 433 583 τῷ
452 495 542 583 αὐτῷ
562 497 707 579 τμήματί
722 497 808 559 εἰσιν
829 518 859 579 p.
876 494 928 579 82,
947 491 1004 578 23]
1027 493 1096 558 ὑπὸ

79 603 142 688 γὰρ
166 615 233 667 τῶν
257 602 367 668 αὐτῶν
390 602 534 667 ἀκτίνων
557 600 748 687 περιέχεται.
1181 584 1185 603 ⁸

43 744 59 792 5
147 728 198 792 75.
225 728 319 814 Πρὸς
342 725 449 812 ὀρθάς
471 749 501 810 p.
521 727 574 811 84,
595 727 630 808 2]
654 728 849 809 σημείωσαι,
873 724 935 808 ὅτι,
958 727 990 789 εί
1010 726 1096 811 πρὸς

79 834 186 920 ὀρθὰς
208 832 341 916 ἕστηκεν
365 831 397 911 ἐξ
421 833 537 919 ἀρχῆς,
562 833 645 918 πρὸς
668 831 775 919 ὀρθὰς
798 829 963 916 φερέσθω.

147 958 197 1021 76.
232 955 308 1021 Ἐἀν
336 953 373 1021 δὲ
400 956 465 1022 ἀπό
491 980 522 1041 p.
547 957 603 1041 84,
627 954 688 1039 22]
717 956 768 1021 ὅτι
794 961 851 1020 ίσα
877 956 918 1019 τὰ
945 957 1115 1041 τρίγωνα.

79 1063 187 1127 πάντα
206 1066 356 1146 γίνονται
375 1063 415 1127 τά
433 1085 468 1127 τε
485 1063 551 1127 ὑπὸ
570 1072 628 1146 τῆς
645 1061 779 1138 ἀκτῖνος
796 1060 852 1126 καὶ
867 1072 936 1126 τῶν
949 1061 1096 1127 εὐθειῶν

80 1173 294 1255 περιεχόμενα
316 1167 372 1234 καὶ
395 1178 494 1233 τοῦτο
518 1218 616 1234 ......
640 1177 700 1232 τοῦ
722 1171 888 1256 παρόντος
909 1170 1056 1251 βιβλίον.

28 1307 60 1356 10
147 1295 197 1358 77.
235 1295 284 1358 Τὸ
312 1293 393 1359 αὐτό
420 1317 451 1378 p.
472 1295 524 1378 88,
548 1292 583 1377 3]
611 1294 684 1376 ἤτοι
711 1292 731 1375 ἡ
756 1296 833 1376 ΑΒ,
851 1295 924 1376 ΕΓ,
948 1296 1030 1356 ΔΖ·
1061 1292 1100 1357 αί

81 1398 178 1465 αὐταὶ
200 1401 263 1484 γὰρ
289 1406 357 1464 ίσαι
381 1399 585 1485 ἐλήφθησαν.

148 1526 199 1589 78.
233 1521 385 1609 Ἦμίσεια
416 1523 437 1607 ἡ
467 1524 532 1590 ὑπὸ
560 1529 662 1590 ΒΕΑ
688 1549 719 1610 p.
740 1526 795 1609 88,
819 1525 859 1610 8]
893 1525 949 1589 8ιά
976 1527 1013 1591 τὸ
1040 1522 1096 1591 λό’

80 1639 142 1695 τοῦ
157 1629 190 1695 α’
205 1642 273 1696 τῶν
287 1634 483 1715 Στοιχείων·
503 1633 579 1715 δίχα
593 1631 656 1716 γάρ
671 1629 824 1716 τέτμηται
837 1633 874 1697 τὸ
888 1634 1097 1718 παραλληλό-

81 1761 234 1822 γραμμον
256 1738 321 1804 ὑπὸ
345 1748 403 1822 τῆς
426 1741 488 1803 ΕΒ
513 1738 656 1814 εὐθείας.

28 1876 61 1925 15
149 1863 199 1926 79.
229 1860 401 1944 Μέγιστον
420 1860 459 1926 δέ
475 1886 505 1946 p.
519 1863 571 1947 88,
588 1861 643 1947 15]
663 1864 845 1946 φανήσεται
864 1862 928 1947 γάρ
948 1863 1096 1949 εὐρυχω-

80 1966 199 2053 ροτέρα
227 1968 247 2050 ἡ
270 1971 353 2054 πρὸς
380 1978 425 2056 τῷ
449 1973 481 2033 Ε
505 1973 625 2053 γωνία,
658 1970 689 2033 εἰ
715 1968 750 2033 ἐκ
777 1978 837 2033 τοῦ
860 1977 893 2035 Α
920 1970 1098 2057 ὃιάμετρος

80 2073 199 2157 ἀχθείη
222 2076 306 2161 πρὸς
327 2077 365 2140 τὸ
388 2074 486 2161 μέρος
509 2084 569 2140 τοῦ
591 2080 630 2141 Β.

148 2200 200 2264 80.
232 2203 345 2263 Πᾶσαι
367 2200 431 2284 γὰρ
455 2201 492 2264 αί
512 2223 543 2283 p.
563 2201 615 2285 90,
636 2197 668 2287 7]
694 2196 778 2284 [ἴσα]
802 2199 865 2287 γάρ
889 2201 930 2264 τά
947 2204 1096 2288 τρίγωνα

82 2305 136 2389 [τά
163 2304 197 2387 ὑ]
205 2307 248 2370 πὸ
280 2315 338 2390 τῆς
364 2305 497 2383 ἀκτῖνος
530 2306 603 2390 [τοῦ
630 2306 794 2390 ό]μματος
820 2305 876 2371 καὶ
903 2319 972 2372 τῶν
996 2308 1095 2393 [ἀ]πὸ

29 2426 64 2474 20
83 2420 143 2475 τοῦ
166 2410 305 2498 κέντρον
330 2411 480 2497 [καὶτῆς
503 2413 584 2496 ΑΒ]
607 2415 831 2498 περιεχόμενα.

152 2536 203 2600 81.
236 2534 334 2620 Μέση
363 2535 529 2619 ἀνάλογον
556 2560 586 2621 p.
611 2538 664 2622 92,
685 2537 743 2621 23]
773 2538 856 2602 ὥστε
878 2538 915 2603 τὸ
939 2537 1005 2603 ὑπὸ
1030 2548 1099 2604 τῶν

81 2643 193 2729 ἀκρων
217 2649 291 2708 ἴσον
313 2652 359 2731 τῷ
384 2642 447 2708 ἀπὸ
471 2649 531 2708 τοῦ
554 2642 666 2727 μέσον.

148 2769 199 2832 82.
228 2764 275 2830 Ἡ
289 2772 324 2831 Σ
343 2777 401 2851 τῆς
424 2773 452 2832 Β
476 2771 599 2850 γωνίας
621 2772 740 2852 μείζων
762 2793 794 2853 p.
814 2770 867 2855 94,
887 2771 943 2850 11]
968 2769 990 2854 ἡ
1011 2771 1098 2857 πρὸς

81 2883 127 2960 τῷ
155 2877 190 2936 Σ
215 2877 319 2955 γωνία
347 2877 464 2958 μείζων
491 2884 549 2958 τῆς
575 2876 659 2961 πρὸς
686 2884 731 2963 τῷ
755 2880 799 2959 Β,
832 2875 943 2960 ἐπειδὴ
970 2878 1098 2955 παντὸς

28 2992 63 3041 25
81 2981 247 3066 τριγώνου
270 2979 290 3063 ἡ
315 2979 406 3056 ἐκτὸς
429 2985 534 3063 γωνία
558 2987 612 3064 ίση
637 2980 706 3046 ε’στὶ
729 2981 807 3047 δνσὶ
829 2993 901 3059 ταῖς
924 2981 1018 3059 ἐντὸς
1041 2982 1098 3049 καὶ

81 3085 290 3169 ἀπεναντίον,
313 3088 478 3173 τριγώνου
498 3085 534 3152 δὲ
553 3097 613 3152 τοῦ
631 3094 664 3151 Δ
669 3093 739 3153 ΒΣ
756 3086 847 3165 ἐκτός
866 3087 956 3153 ἐστιν
974 3089 996 3173 τ]
1012 3091 1099 3175 πρὸς
1149 3102 1152 3107 “

38 3268 42 3277 Ι
80 3201 126 3279 τῷ
151 3190 186 3256 Σ
205 3196 319 3275 γωνία.

80 3327 150 3334 —-
157 3329 200 3334 -.-
226 3330 293 3335 -.-.

153 3407 193 3457 73.
213 3402 261 3458 Vb.
317 3409 358 3459 74.
378 3402 427 3458 Vb.
483 3411 524 3460 75.
544 3403 593 3460 Vb.
650 3411 690 3460 76.
710 3404 759 3459 Vb.
822 3413 863 3461 77.
882 3406 930 3461 Vb.
993 3411 1036 3461 78.
1056 3408 1100 3463 Vb

82 3472 444 3545 (ἃιά-Στοιχείωνθίίαο]
454 3476 496 3546 Α).
544 3482 585 3531 79.
601 3475 649 3532 Vb.
692 3482 734 3530 80.
749 3474 798 3532 Vb.
842 3482 884 3531 81.
899 3477 945 3532 V’.
990 3483 1035 3535 82.
1050 3479 1100 3535 V’.

19 3558 101 3664 λ
