2424 3944
513 181 744 234 carcerales.
1065 180 1130 244 313

114 324 224 409 iisque
248 325 451 410 adponentur
473 326 509 389 in
530 325 660 410 punctis
684 329 853 390 contactus
877 325 1041 389 radiorum
1063 348 1134 410 spe-

90 429 94 438 '
118 432 193 497 cula
221 453 363 497 concaua
390 454 582 497 conuexaue.
635 432 746 515 itaque
779 438 799 507 L
816 435 842 495 Z
857 463 899 483 =
916 436 958 516 Θ,
988 435 1023 495 Κ
1035 464 1077 485 =
1093 437 1131 496 A.

117 539 230 622 itaque
254 542 322 614 LK
337 544 375 618 -l-
395 544 421 603 Z
436 570 478 592 =
496 544 525 604 Θ
539 543 579 622 -Ι-
596 543 634 602 Λ.
682 560 779 622 quare
802 538 911 602 radius
936 539 975 602 ab
1000 539 1131 623 speculo

120 666 265 709 conuexo
285 646 318 708 Γ
336 645 376 709 ad
395 651 428 709 A
450 644 657 730 refringatur,
680 667 699 708 a
720 649 755 708 A
777 652 886 709 autem
909 645 949 709 ad
972 650 1015 730 Ε,
1039 646 1078 710 ab
1103 651 1135 710 Ε

120 757 231 816 autem
259 752 298 816 ad
326 759 365 816 A.
422 774 500 838 crgo
528 751 738 816 manifestum
766 755 830 835 est,
861 751 960 816 etiam
993 753 1131 837 speculis

121 858 275 924 connexis
299 859 491 924 concauisue
516 858 666 923 omnibus
694 862 727 922 et
750 857 861 922 mixtis
884 859 954 923 fieri
976 881 1072 944 posse
1095 863 1133 922 ut

118 966 208 1030 idem
230 970 387 1030 cernatur.

603 1107 653 1170 16.

191 1229 230 1295 ln
249 1231 387 1315 speculis
402 1230 640 1314 planisomnia,
660 1252 741 1314 quae
757 1236 940 1313 cernuntur,
960 1231 1135 1294 secundum

120 1343 247 1404 rectam
259 1338 299 1401 ab
314 1359 361 1421 ec,
377 1337 462 1421 quod
477 1337 628 1421 cernitur,
640 1337 937 1421 perpendicularem
951 1341 1135 1400 cernuntur.

577 1444 621 1508 sit
636 1446 697 1508 ΓΛ
716 1443 882 1528 speculum
901 1443 1043 1527 planum,
1062 1464 1135 1506 ocu-

507 1550 558 1614 lus
587 1556 696 1615 autem
720 1554 762 1635 Β,
790 1553 940 1614 cernatur
963 1553 1071 1612 autem
1094 1554 1136 1632 A,

507 1662 540 1721 et
563 1658 603 1721 ab
628 1679 679 1740 ec,
708 1656 794 1740 quod
817 1655 972 1739 cernitur,
999 1655 1039 1717 ad
1067 1676 1136 1738 spe-

506 1763 615 1828 culum
633 1761 906 1847 perpendicularis
921 1761 964 1825 sit
978 1763 1051 1824 ΑΓ.
1077 1760 1136 1824 ita-

507 1891 568 1953 que
587 1869 741 1953 quoniam
759 1867 795 1930 in
812 1867 1043 1951 phaenomenis
1064 1889 1136 1950 sup-

506 1975 650 2059 positum
670 1979 728 2059 est,
751 1974 823 2039 loco
844 1977 876 2038 Γ
894 1978 1051 2057 occupato
1069 1994 1137 2036 non

393 2088 429 2138 B
508 2081 595 2146 cerni
614 2087 654 2164 A,
669 2087 701 2144 A
722 2081 758 2144 in
781 2084 870 2144 recta
891 2087 923 2144 A
930 2083 962 2144 Γ
978 2080 1137 2164 producta

509 2193 664 2252 cernetur.
717 2209 830 2252 uerum
859 2186 957 2251 etiam
984 2185 1020 2249 in
1046 2185 1137 2249 radio

125 2300 188 2360 BA
211 2296 369 2379 producto
394 2296 543 2360 cernitur.
582 2317 660 2381 ergo
682 2295 719 2359 in
736 2299 768 2359 E
790 2293 946 2379 cernitur3
970 2292 1138 2377 supposui-

126 2423 199 2465 mus
222 2403 317 2486 enim,
340 2406 465 2467 rectum
489 2424 569 2487 esse,
592 2403 683 2467 cuius
706 2405 815 2486 partes
839 2400 962 2464 mediae
986 2397 1137 2462 extremis

126 2507 307 2594 officerent3
331 2531 430 2593 quare
454 2512 533 2594 ΑΕ,
552 2512 618 2572 ΒΕ
638 2512 744 2572 rectae
769 2510 873 2570 erunt.

145 2136 180 2197 A

607 2722 656 2785 17.

193 2845 233 2909 ln
253 2847 391 2929 speculis
411 2843 563 2909 connexis
580 2843 696 2926 omnia,
720 2863 801 2925 quae
821 2846 1005 2923 cernuntur,
1029 2861 1138 2905 secun-

127 2953 205 3016 dum
223 2957 346 3016 rectam
365 2952 406 3016 ab
425 2973 473 3033 ec,
492 2950 579 3033 quod
594 2947 745 3032 cernitur,
764 2947 804 3010 ad
818 2950 967 3012 centrum
984 2946 1137 3030 sphaerae

72 3096 83 3125 ι
127 3060 259 3123 ductam
283 3062 467 3122 cernuntur.
1173 3130 1185 3153 θ

195 3165 238 3229 sit
255 3167 316 3228 ΓΛ
336 3164 500 3248 speculum
516 3184 704 3238 connexum,
725 3160 837 3225 oculus
852 3164 960 3224 autem
975 3163 1012 3242 Β,
1030 3157 1138 3222 radius

165 3395 196 3449 τὸ
216 3394 300 3465 εὐθύ]
321 3393 392 3447 εὐθύ
411 3411 448 3446 m.
521 3388 566 3463 οὗ]
578 3386 662 3445 elren
682 3385 714 3444 οὗ
732 3408 768 3442 m.
843 3393 884 3443 18.
906 3386 991 3458 ἔσται]
1010 3386 1084 3441 ἐστιν
1102 3387 1139 3442 Μ.

164 3466 233 3537 ΑΕ]
254 3469 306 3519 ΒΕ
325 3483 360 3517 m.
439 3469 480 3516 19.
501 3464 569 3534 BE]
589 3465 645 3516 AE
663 3480 699 3515 m.
774 3465 817 3514 20.
838 3460 886 3530 ιζ’]
905 3459 952 3514 κδ’
967 3460 1023 3514 Vv.
1097 3463 1139 3512 24.

128 3536 210 3607 ὄψεις
228 3555 254 3605 v,
273 3536 323 3590 sed
341 3552 409 3590 corr.
