2424 3944
141 175 209 240 200
352 175 563 228 omcomm
580 175 759 229 REOENSIO
777 174 944 229 molus,

142 317 288 409 ἑκατέρῳ.
344 324 413 387 ἔστι
449 316 486 385 δὲ
518 317 574 385 καὶ
605 319 626 402 ἡ
658 324 689 384 Ρ

142 430 248 509 γωνία
279 438 319 514 τῇ
351 433 386 492 Σ
420 430 488 510 ἴση·
530 433 584 510 ἴση
620 429 684 513 ἄρα

143 532 199 599 καὶ
239 535 259 618 ή
299 539 366 599 ΒΖ
406 534 503 618 βάσις
542 543 581 619 τῇ
619 536 691 597 ΒΓ

143 640 247 725 βάσει.
297 641 353 705 διὰ
383 642 423 704 τὰ
450 641 534 705 αὐτὰ
561 641 602 724 δή
630 638 685 704 καῖ

109 746 165 830 σή
201 751 269 811 ΒΛ
309 756 359 916 τῇί
386 751 453 811 BA
494 746 584 812 ἐστιν
622 752 685 829 ἴση.

145 854 208 917 δύο
246 853 359 936 δήαί
395 858 478 937 ΔΒ,
506 858 571 918 ΒΖ
608 844 762 917 δυσί

144 969 217 1035 ταῖς
256 961 335 1042 ΓΒ,
367 963 440 1022 ΒΑ
483 965 553 1024 ἴσαι
593 961 686 1025 εἴσίν.

145 1067 214 1130 ἔστι
246 1062 283 1129 δέ
314 1062 419 1129 μαλ’
401 1089 422 1147 η
450 1070 519 1129 ΛΖ
550 1074 589 1150 τη
623 1069 688 1130 ΓΑ

146 1177 214 1254 ἴση·
240 1170 389 1253 γωνία”
368 1195 433 1258 αρα
455 1171 516 1255 η’
499 1173 564 1236 υπὸ
587 1177 688 1238 ΔΒΖ

96 1292 127 1341 10
145 1280 252 1365 γωνίᾳ
295 1288 336 1364 τη
380 1278 445 1343 ὑπὸ
487 1282 589 1344 ΓΒΑ
634 1285 688 1363 ἴση

147 1382 245 1449 ἐστίν.
290 1382 396 1450 τὰδὲ
422 1385 488 1450 ὑπὸ
516 1391 598 1450 ἴσων
628 1410 688 1468 γω-

146 1501 231 1555 νιῶν
260 1490 411 1622 ὁρώμενα
444 1498 499 1557 ἴσα
526 1495 688 1576 φαίνεται.

148 1599 252 1681 ἴση”
231 1621 295 1684 αρα
321 1597 342 1680 ἡ
367 1601 431 1662 ΓΑ
457 1608 497 1684 πή
520 1604 586 1663 ΔΖ
616 1602 689 1684 φαί-

146 1727 247 1770 νεται.

95 1827 128 1876 15

216 1915 328 1981 Καὶ’
310 1919 369 1982 εὰν
395 1916 415 2000 ή
443 1918 509 1982 ὑπὸ
536 1927 596 1983 τοῦ
623 1810 763 2004 κέντρον
792 1917 974 2001 ἀναχδεῑσα
1006 1917 1052 2000 μή
1081 1917 1162 2002 πρὸς

149 2022 256 2109 ὀρθὰς
277 2017 299 2109 ᾖ
321 2033 367 2110 τῷ
392 2022 549 2112 ἐπιπέδῳ,
573 2030 627 2108 ἴση
651 2023 688 2090 δέ
710 2036 750 2111 τῇ
774 2024 810 2090 ἐκ
831 2033 892 2089 τοῦ
915 2021 1071 2108 κέντρου,
1096 2029 1161 2087 ἴσαι

149 2131 187 2193 αι’
207 2128 376 2216 διάμετροι
399 2133 614 2215 φανήσονται.

217 2238 299 2300 ἔστω
323 2237 452 2320 κύκλος,
476 2233 516 2302 οὗ
539 2235 677 2323 κέντρον
700 2238 737 2302 τὸ
755 2240 796 2322 Κ,
818 2233 874 2301 καῖ
897 2235 961 2300 ἀπὸ
983 2243 1046 2299 τοῦ
1065 2238 1102 2299 Κ
1120 2234 1161 2319 μή

98 2360 133 2408 20
151 2344 234 2428 πρὸς
257 2341 363 2428 ὀρθὰς
388 2343 524 2427 ἀνήχδω
553 2353 598 2432 τῷ
623 2343 764 2432 ἐπιπέδῳ
788 2344 808 2427 ή
832 2347 912 2425 ΚΒ,
942 2347 995 2424 ἴση
1020 2339 1058 2406 δὲ
1082 2344 1161 2407 ἔστω

151 2458 190 2534 τῇ
215 2449 251 2515 ἐκ
273 2459 333 2515 τοῦ
356 2448 495 2537 κέντρον
518 2459 578 2515 τοῦ
597 2452 732 2534 κύκλου,
754 2448 809 2515 καὶ
830 2449 1083 2533 ἐπεζεύχθωσαν
1101 2447 1161 2512 ἀπὸ

151 2566 212 2621 τοῦ
235 2561 263 2621 Β
292 2561 428 2641 σημείου
457 2559 493 2622 αί
514 2556 612 2622 αὐταὶ
635 2569 707 2634 ταῖς
729 2560 900 2643 πρότερον.
946 2555 1074 2620 οὐκοῦν
1097 2550 1161 2620 ἐπεὶ

154 2669 222 2728 ἴσαι
245 2663 401 2746 ἀλλήλαις
423 2662 508 2728 εἴσῖν
531 2665 569 2729 αἴ
587 2668 672 2749 ΔΚ,
690 2667 767 2748 KB,
785 2667 865 2747 KZ,
892 2662 980 2749 ὀρθή
1004 2661 1048 2727 διν
1070 2669 1121 2745 εἴη
1141 2658 1160 2743 ή

151 2768 364 2856 περιεχομένη
391 2774 497 2852 γωνία
523 2771 588 2836 ὑπὸ
611 2782 679 2837 τῶν
703 2776 813 2836 ΖΒΔ.
859 2769 915 2834 διὰ
941 2769 982 2835 τὰ
1011 2770 1097 2834 αὐτὰ
1123 2768 1161 2851 δή

99 2893 133 2942 25
152 2875 207 2941 καὶ
228 2877 249 2960 ἡ
267 2876 332 2941 ὑπὸ
351 2880 457 2942 ΑΒΓ
473 2878 561 2963 ὀρθή
585 2877 627 2942 δν
649 2883 713 2961 εἴη·
738 2883 806 2942 ἴσαι
829 2878 893 2964 ἄρα
916 2878 1050 2942 ἔσονται
1068 2875 1161 2958 ἀλλή-

153 2990 235 3060 λαις.
280 2984 321 3047 τὰ
348 2981 389 3047 δέ
408 3007 445 3066 γε
472 2984 537 3049 ὑπὸ
562 2989 643 3049 ἴσων
665 2996 799 3067 γωνιῶν
825 2983 976 3069 ὁρώμενα
1005 2988 1062 3048 ἴσα
1090 2983 1160 3067 φαί-

152 3114 253 3156 νεται.
300 3096 354 3174 ἴση
377 3092 442 3177 ἄρα
464 3089 484 3173 ή
508 3096 541 3154 Δ
548 3096 575 3155 Ζ
598 3100 637 3176 τῇ
661 3096 694 3154 Α
700 3093 732 3155 Γ
752 3093 914 3174 φαίνεται.

227 3316 511 3393 2.ωΣ]Σγνίᾳμ.
575 3316 1086 3389 3.BP]correxBAm..reeV.
1138 3317 1159 3366 5.

155 3393 223 3462 ΒΔ]
248 3408 315 3446 corr.
336 3408 370 3445 ex
394 3395 449 3445 ΒΓ
468 3409 504 3446 m
523 3407 577 3445 rec,
596 3390 630 3445 V
722 3395 762 3444 10.
789 3389 883 3459 ΓΒΑ]
909 3392 1036 3457 PABp
1121 3390 1159 3439 11.

156 3460 267 3531 ἐστίρ.
376 3468 416 3517 17.
445 3463 513 3516 Post
541 3458 663 3552 ἐπιπέδῳ
692 3460 755 3515 add.
784 3468 834 3514 τοῦ
862 3459 965 3514 κύκλον
993 3476 1030 3513 m.
1054 3474 1108 3513 rec.
1129 3454 1158 3509 V.

193 3538 233 3587 18.
239 3481 337 3586 pAnte
360 3533 478 3588 αιαδδ.
502 3555 539 3588 αα
521 3533 607 3587 αοὶ
575 3531 661 3595 ουτως
686 3550 721 3587 m
741 3548 795 3586 rec.
814 3531 847 3586 V.
939 3536 980 3584 19.
1008 3529 1079 3584 Post
1102 3527 1161 3583 ἔστιν
