2424 3944
120 166 194 220 XLII
487 162 765 215 PROLEGOMENA.

121 308 197 377 apud
216 306 390 362 Socraticum
408 303 554 357 Euclidem
576 302 606 356 in
628 301 828 357 uetustissimis
853 306 881 358 41
899 303 983 358 tineis
1003 321 1036 358 ac
1057 303 1134 358 carie

123 386 251 441 contritis
271 383 384 441 Graecis
404 382 547 437 codicibus
566 382 701 452 legerem,
725 383 847 450 quodam
871 386 984 454 stupore
1002 384 1134 454 perfusus

121 466 242 521 hominis
270 463 415 534 ingenium
442 464 561 516 arduum
589 465 618 517 61
641 461 761 516 sublime
788 462 854 516 inde
878 463 1037 517 diiudioaus
1062 480 1134 533 opus

120 545 192 599 illud
215 545 286 599 mira
310 542 426 598 solertia
453 543 502 596 sed
524 542 646 596 maximo
670 541 764 596 studio
791 560 848 597 non
872 543 942 613 legi,
971 543 1022 598 sed
1044 542 1135 613 relegi

120 623 339 692 transcripsique
357 623 475 694 pariter,
499 625 532 675 ut
549 625 631 676 tanta
650 622 777 677 doctrina
799 641 909 692 quoque
928 623 1003 678 inter
1020 626 1134 678 nostros

120 703 231 758 codices
250 720 359 756 summa
377 701 559 757 ueneratione
583 705 696 757 seruata
717 703 833 772 reperiri
850 707 953 773 posset.
991 703 1050 758 iam
1069 721 1135 758 cum

121 783 181 837 cod.
200 782 278 838 Leid.
298 801 384 836 manu
403 781 545 837 Zamberti
567 798 583 835 e
607 783 667 836 cod.
686 783 795 838 Monac.
816 783 972 854 descriptus
992 783 1043 853 sit,
1068 801 1136 838 eum

47 899 49 903 -
120 862 180 916 sine
205 861 322 932 dubio*)
342 862 389 916 hic
408 862 561 933 significat,
590 864 619 916 et
637 861 697 916 cod.
716 863 826 918 Monac.
846 880 875 918 re
894 880 962 917 uera
981 862 1085 932 „tineis
1105 866 1135 918 ct

120 943 213 998 carie“
235 943 356 1013 pessime
379 943 494 998 habitus
518 945 573 1010 est,
602 957 686 1009 quem
708 945 769 996 tum
791 943 918 998 Uenetiis
941 943 1041 1012 fuisse,
1066 943 1135 998 hinc

119 1024 180 1078 iure
200 1023 367 1093 colligimus.
397 1025 457 1079 cod.
467 1022 546 1076 Leid.
560 1020 649 1091 igitur
667 1021 694 1075 ei
711 1021 742 1076 in
755 1022 967 1094 interpretando
981 1025 1019 1077 ad
1031 1040 1134 1077 manus

119 1103 187 1172 fuit,
211 1105 240 1156 et
258 1103 430 1157 concordant
449 1101 616 1171 scripturae,
645 1101 725 1154 uelut
746 1121 773 1172 p.
795 1109 909 1172 144,14
932 1103 1134 1157 lucentibus

119 1182 384 1250 illustrantibusque
398 1183 520 1253 ignibus,
538 1201 565 1251 p.
583 1185 641 1249 148,
657 1186 691 1233 20
710 1181 770 1235 sub
789 1182 899 1237 uisum
916 1198 1039 1252 namque
1054 1183 1135 1238 cadit

120 1266 265 1333 spectatae
284 1261 326 1316 rei
343 1261 450 1331 imago,
474 1280 500 1331 p.
517 1267 607 1330 152,1
628 1260 767 1329 fidemque
785 1260 947 1316 huiusmodi
967 1262 1136 1316 efficiunt

118 1344 150 1397 in
159 1340 320 1413 praesentia
329 1341 411 1410 radii,
427 1359 454 1410 p.
466 1346 525 1409 162,
537 1346 571 1394 20
585 1356 658 1409 quae
672 1340 766 1394 linea
781 1344 835 1410 est3
850 1341 944 1410 inquit
958 1341 1040 1412 enim,
1056 1344 1135 1412 quod

120 1439 153 1477 eo
172 1421 240 1491 quia
258 1421 288 1474 in
306 1420 370 1474 uisu
388 1420 464 1474 linea
482 1423 608 1489 manet,
627 1438 653 1489 p.
670 1425 729 1489 190,
746 1427 780 1474 14
799 1420 864 1476 6166
884 1439 946 1491 om,
966 1422 1058 1476 minus
1079 1426 1136 1478 est

118 1505 165 1571 41,
184 1520 211 1571 p.
226 1507 318 1571 2368
337 1500 532 1570 propinquum.
569 1500 618 1554 cfr.
638 1517 722 1570 supra
739 1519 767 1570 p.
786 1501 926 1570 XXIVsq.

190 1581 286 1635 Editio
309 1580 437 1650 princeps
460 1579 566 1650 prodiit
588 1579 704 1634 Parisiis
729 1597 753 1634 a.
775 1587 852 1651 1667,
872 1587 902 1634 4⁰
924 1599 975 1652 per
997 1584 1134 1638 Ioannem

119 1663 237 1733 Ponam,
265 1661 372 1730 quide
396 1661 539 1716 codicibus
568 1660 625 1714 suis
650 1661 721 1714 haec
744 1660 825 1714 dicit:
854 1660 951 1729 itaque
974 1679 1038 1716 cum
1061 1663 1134 1718 mihi

119 1746 213 1797 essent
232 1741 342 1810 aliquot
361 1740 532 1811 exemplaria
551 1741 656 1796 Graece
675 1740 793 1810 scripta,
815 1757 889 1809 quae
907 1741 1006 1796 Petrus
1025 1743 1133 1798 Ramus

118 1822 319 1892 Philosophiae
333 1824 362 1875 41
375 1821 561 1890 Eloquentiae
575 1820 680 1890 Regius
695 1821 836 1890 professor
852 1824 937 1890 atque
951 1821 1027 1876 idem
1042 1823 1134 1878 alum-

118 1921 171 1957 nus
191 1905 256 1957 tuus
276 1901 382 1973 [Caroli
394 1901 561 1971 Lothan'ngi
575 1900 744 1972 cardinalis]
765 1904 794 1955 41
810 1904 976 1971 praeceptor
996 1920 1074 1958 meus
1093 1905 1132 1958 ab

118 1982 217 2037 amicis
227 1984 325 2035 mutuo
335 1984 490 2050 acceperat,
502 1980 581 2035 nolui
590 1981 804 2050 Rempublicam
815 1981 921 2035 diutius
931 1983 985 2036 hac
995 1983 1134 2038 Euclides

118 2061 248 2117 doctrina
266 2076 368 2115 641614.
405 2060 619 2115 fundamentum
637 2060 769 2115 editionis
792 2064 835 2116 est
858 2062 918 2116 cod.
937 2062 1026 2117 Paris.
1046 2069 1132 2133 23503

118 2160 185 2196 nam
199 2140 350 2211 pleraeque
364 2139 542 2194 coniecturae
556 2140 682 2210 Uergetii
697 2159 714 2194 a
728 2142 805 2196 Pena
818 2145 948 2211 receptae
964 2145 1036 2211 sunt,
1052 2142 1134 2198 uelut

118 2242 146 2293 p.
162 2227 222 2290 144,
242 2227 257 2274 2
277 2219 331 2289 ὅτι,
355 2239 382 2290 p.
400 2226 458 2290 146,
478 2225 494 2274 9
513 2222 542 2274 41
561 2226 595 2274 10
614 2220 746 2292 ἐντομήν,
764 2242 791 2292 p.
809 2228 867 2292 146,
887 2229 919 2276 21
939 2240 980 2292 pr.
1000 2220 1049 2277 καί
1068 2239 1132 2292 om,

118 2321 145 2373 p.
166 2307 230 2370 148,
253 2307 287 2356 26
315 2298 430 2369 ἀπέρρει
453 2297 599 2370 (ἀπέρρεεν
622 2300 639 2372 ἢ
663 2299 779 2370 ἀπέρρει
800 2303 936 2371 1141341),
965 2320 991 2371 p.
1012 2306 1076 2370 152,
1096 2307 1131 2354 21

119 2379 226 2450 μένειν;
259 2397 315 2434 non
338 2380 444 2450 recepit
467 2381 586 2436 εὐθεῖαν
608 2401 635 2452 p.
656 2387 786 2451 15010,
814 2381 888 2436 undo
912 2384 1037 2450 constat,
1066 2397 1133 2435 eum

119 2461 215 2516 codice
237 2460 326 2515 Paris.
346 2466 415 2514 2468
439 2478 520 2514 usum
542 2478 599 2515 non
623 2479 695 2530 esse;
724 2461 772 2516 cfr.
796 2463 942 2531 praeterea
964 2479 991 2530 p.
1013 2466 1131 2529 146,11

117 2543 218 2615 τούτῳ]
237 2541 322 2610 Pena,
342 2557 395 2595 om.
411 2545 489 2610 2468,
508 2560 534 2610 p.
552 2547 660 2611 148,17
679 2541 777 2596 διὰτὸ
796 2542 951 2612 κινεῖσθαι]
969 2542 1054 2609 Pena,
1075 2558 1131 2596 om.

82 2682 87 2691 ,
118 2627 196 2676 2468.
234 2619 342 2674 scholia
362 2625 407 2688 13,
428 2626 474 2688 15,
496 2627 542 2690 18,
562 2627 604 2689 19,
624 2626 671 2690 91,
699 2638 771 2690 quae
791 2620 885 2674 omnia
903 2619 933 2674 in
950 2619 1039 2673 Paris.
1060 2624 1132 2673 2360

117 2700 222 2768 insunt,
241 2699 272 2752 in
289 2701 369 2753 textu
387 2699 487 2767 habet3
507 2700 556 2754 sed
573 2704 720 2769 praeterea
733 2700 823 2754 multo
836 2699 919 2769 plura
935 2698 1130 2770 interpolauit,

117 2797 190 2850 quae
208 2779 239 2834 in
256 2778 335 2832 nullo
355 2778 451 2833 codice
465 2779 661 2849 inueniuntur,
681 2781 757 2851 apud
771 2780 937 2850 Gregorium
951 2783 1131 2850 1111111606,

118 2866 217 2928 3-173
233 2864 293 2927 cos,
308 2864 385 2926 1-s;
402 2864 463 2928 coa,
475 2866 592 2930 16-46,
608 2867 668 2928 611,
678 2865 796 2928 40-45;
811 2866 872 2929 cm,
883 2867 997 2929 13-11,
1010 2865 1130 2930 31-41;

34 2983 37 2986 -
118 2943 311 3010 613,17-33;
331 2944 513 3007 617,15-30
532 2939 572 3008 (ἐκ
590 2949 646 2995 τῶν
664 2948 714 2994 τοῦ
734 2938 924 3011 Πάππου)*’);
947 2947 1007 3010 618,
1022 2946 1130 2995 22-25

118 3023 147 3075 et
169 3019 242 3074 alius
265 3017 376 3089 generis
398 3036 425 3088 p.
446 3024 510 3087 616,
530 3025 640 3088 a-aa;
670 3025 734 3088 cao,
754 3024 881 3089 16-46;
910 3024 975 3089 aas,
1000 3025 1130 3089 32-343

188 3215 210 3285 *)
231 3213 350 3270 Obstare
373 3214 506 3268 uidentur
527 3215 685 3282 temporum
708 3213 845 3284 rationes,
870 3215 894 3269 si
917 3217 992 3269 recte
1014 3232 1130 3285 compu-

116 3284 192 3339 tcuit
209 3284 452 3339 Weissenbornius
472 3283 530 3355 (cfr.
551 3283 576 3338 V
598 3303 624 3354 p.
646 3283 728 3356 clv),
757 3287 833 3355 quod
857 3303 912 3355 quo
935 3287 1019 3340 modo
1039 3287 1130 3356 expli-

117 3355 237 3408 candum
255 3355 300 3424 sit,
318 3373 392 3409 nunc
410 3374 467 3410 non
485 3354 622 3424 diiudice,
642 3356 712 3410 satis
730 3357 801 3411 mihi
815 3360 865 3426 est,
885 3358 945 3412 cod.
960 3356 1129 3412 Leidensem

117 3428 183 3480 ante
201 3425 464 3494 interpretationem
482 3425 611 3482 editam
629 3427 740 3482 finitum
759 3444 827 3483 csse.

173 3496 211 3566 ⁸')
230 3495 341 3552 Titulus
359 3497 452 3565 fictus;
472 3498 548 3566 apud
565 3499 694 3568 Pappum
711 3499 783 3553 nihil
802 3498 947 3554 eiusmodi.
