2424 3944
139 151 184 214 44
482 150 653 202 EUCLIDIS
673 149 811 202 0ch.

141 297 268 380 ζεύχθω
301 295 321 378 ἡ
354 299 425 360 ΒΓ.
485 293 585 378 λέγω,
618 293 669 358 ὅτι
700 296 811 377 μεῖζον
843 301 903 358 τοῦ
934 291 1158 380 ἡμισφαιρίου

139 402 334 487 ὀφθήσεται.
379 394 674 486 προσπιπτέτωσαν
698 399 828 476 ἀκτῖνες
855 400 893 464 αί
912 404 991 484 ΒΕ,
1011 403 1074 466 ΓΔ
1100 398 1157 465 καὶ

139 509 505 596 προσεκβεβλήσθωσαν
533 505 586 571 ἐπὶ
609 507 649 570 τά
672 511 716 589 Ε,
735 511 770 570 Δ
795 504 893 591 μέρη·
925 507 1156 592 συμβάλλουσι

140 617 183 700 δή
206 616 363 698 ἀλλήλαις
387 615 443 678 διά
466 615 502 678 τὸ
526 612 689 679 ἐλάσσονα
712 608 798 677 εἶναι
822 615 883 697 τήν
902 614 1081 698 διάμετρον
1099 623 1158 697 τὴς

104 733 120 780 5
139 725 211 786 ΒΓ.
248 720 528 806 συμβαλλέτωσαν
551 721 593 804 δή
611 721 694 784 κατά
713 722 749 784 τὸ
771 725 798 784 Ζ
822 732 968 806 σημεῖον.
1006 719 1076 786 ἐπεὶ
1095 708 1158 786 οὖν

141 827 205 893 ἀπό
233 851 324 904 τινος
351 832 488 912 σημείου
521 839 588 893 τῶν
616 826 708 903 ἐκτὸς
739 835 800 891 τοῦ
827 828 953 892 κύκλου
985 829 1070 912 πρὸς
1095 829 1158 910 τὴν

140 933 355 1021 περιφέρειαν
376 935 673 1021 προσπεπτώκασιν
696 933 826 998 εὐθεῖαι
854 935 892 998 αί
913 939 991 1017 ΖΕ,
1016 938 1092 1017 ΖΔ,
1120 935 1158 998 τὸ

140 1045 247 1106 ΔΘΕ
273 1043 338 1127 άρα
365 1043 502 1105 ἔλαττόν
530 1040 620 1104 ἐστιν
647 1038 855 1124 ἡμικυκλίου.
905 1041 942 1104 τὸ
966 1043 1071 1104 ΕΗΔ
1094 1041 1159 1124 άρα

140 1150 250 1231 μεῖζόν
270 1146 360 1211 ἐστιν
377 1144 583 1231 ἡμικυκλίου.
626 1145 699 1210 ἀλλ’
714 1145 781 1211 ὑπὸ
800 1157 868 1212 τῶν
886 1151 926 1230 Β,
947 1149 979 1210 Γ
997 1147 1034 1210 τὸ
1054 1149 1159 1210 ΕΗΔ

90 1265 123 1313 10
141 1252 302 1336 βλέπεται.
334 1256 445 1336 μεῖζον
463 1254 528 1338 ἄρα
546 1251 566 1335 ἡ
585 1253 622 1317 τὸ
638 1253 741 1336 ἡμισυ
756 1252 943 1337 ὀφθήσεται
957 1260 1017 1316 τοῦ
1032 1253 1160 1316 κύκλου

141 1357 206 1423 ὑπὸ
231 1369 298 1423 των
320 1362 360 1441 Β,
379 1361 416 1424 Γ.
462 1359 498 1423 τὸ
523 1359 604 1423 αὐτὸ
628 1360 692 1443 άρα
720 1356 776 1422 καὶ
799 1367 857 1442 τῆς
879 1361 1025 1444 σφαίρας
1048 1358 1160 1443 ὀφθή-

142 1480 242 1529 σεται.

620 1569 678 1649 κζ’.

207 1695 283 1761 Ἐάν
311 1698 347 1760 τὸ
376 1707 443 1760 τῶν
466 1695 622 1780 ὀμμάτων
645 1695 809 1780 διάστημα
837 1699 974 1761 ἔλαττον
998 1690 1017 1782 ἡ
1042 1705 1101 1780 τῆς
1125 1697 1161 1762 έν

91 1812 182 1888 15τὴ
205 1806 333 1890 σφαίρᾳ
355 1800 544 1887 διαμέτρου,
567 1805 703 1867 ἔλαττον
721 1800 942 1889 ἡμισφαιρίου
961 1802 1161 1887 ὀφθήσεται.

213 2815 294 2878 ἔστω
318 2825 455 2899 σφαῖρα,
478 2810 517 2897 ἡς
539 2813 678 2899 κέντρον
701 2816 738 2879 τὸ
762 2822 795 2879 A
818 2827 965 2900 σημείου,
990 2812 1048 2880 καὶ
1070 2837 1162 2903 περι-

146 2919 327 3006 γεγράφθω
345 2917 421 3005 περὶ
440 2921 477 2984 τὸ
491 2927 524 2984 Α
543 2932 680 3004 σημεῖον
697 2922 818 2998 κύκλος
836 2921 854 2986 ὁ
869 2924 941 3004 ΒΓ,
959 2918 1016 2985 καὶ
1034 2926 1161 2988 κείσθω

145 3026 182 3091 τὸ
206 3025 368 3110 διάστημα
391 3037 458 3090 τῶν
480 3025 636 3110 ὀμμάτων
659 3028 696 3091 τὸ
720 3032 789 3092 ΔΕ
811 3031 951 3093 ἔλασσον
979 3027 1019 3092 ὃν
1042 3038 1104 3113 τῆς
1127 3029 1162 3094 ἐν

219 3224 242 3271 1.
263 3219 333 3342 Bsx)
353 3221 414 3272 ΒΝ
429 3237 454 3271 v.
528 3224 552 3272 3.
572 3219 823 3290 προσεκβεβλήσθω
841 3219 1032 3276 VBVat.vm.
1095 3241 1162 3292 συμ-

147 3290 262 3359 βαλοῦσι
279 3290 302 3342 Β
334 3292 404 3343 εει.
478 3293 501 3342 ὃ.
522 3287 696 3360 συμβαλλέτω
715 3291 761 3343 Bv
780 3293 809 3344 et
827 3290 901 3359 Vah,
922 3291 972 3344 sed
990 3308 1059 3346 corr.
1137 3300 1161 3348 6.

146 3361 213 3430 τῶν]
232 3368 281 3413 τοῦ
299 3361 364 3413 Vat.
429 3365 453 3414 8.
473 3367 499 3414 Δ
506 3361 576 3432 ΘΕ]
596 3377 611 3414 e
630 3377 698 3415 corr.
717 3362 751 3430 V,
775 3361 864 3425 ’λΘΕ
882 3363 937 3430 Bv,
957 3359 988 3416 δὲ
1010 3366 1067 3418 ΘΕ
1086 3365 1162 3433 vat„

147 3431 197 3484 sed
215 3447 297 3497 ουτως
316 3435 374 3486 ΔΘ
392 3431 514 3485 Vat.¹m.
580 3431 695 3487 ἔλασσον
713 3432 837 3488 Nam.
897 3433 940 3505 τό]
959 3433 991 3488 τὸ
1010 3432 1043 3490 δέ
1062 3436 1162 3491 ναίων.

183 3507 224 3555 10.
245 3503 349 3573 μεῖζον]
369 3519 421 3556 om.
438 3521 463 3571 v,
482 3521 518 3555 m.
534 3509 549 3556 2
568 3503 633 3557 Vat.
697 3502 727 3575 ἥ]
747 3521 800 3558 om.
815 3523 841 3573 v,
860 3522 896 3558 m.
912 3511 927 3558 2
947 3505 1012 3560 vat.
1076 3506 1162 3579 ἡμισυ
