2424 3944
309 114 518 165 orucouuu
536 114 714 167 unouusm
733 115 899 167 rasonis.
1046 114 1108 177 147

93 279 182 343 rere3
215 278 313 340 quare
346 278 400 321 eos
433 257 532 322 etiam
565 258 696 322 umbras
729 258 916 324 diminuere.
970 260 1109 325 maiores

95 368 208 428 autem
232 364 422 448 corporibus
446 364 580 428 umbrae
605 369 689 450 sunt,
712 365 768 429 ubi
791 366 883 450 ignes
907 366 1108 431 illustrantes

93 470 238 534 minores
270 474 360 554 sunt3
391 469 426 533 in
453 469 494 533 iis
524 470 610 534 enim
638 471 767 556 accidit,
798 476 836 535 ut
863 472 945 536 radii
973 474 1109 538 extremi

93 598 128 640 se
150 575 331 640 diffundant
349 579 382 640 et
400 580 526 659 partem
546 577 770 641 adumbratam
785 578 942 642 maiorem
956 579 1107 646 efficiant.

91 684 156 747 hoo
181 687 291 746 autem
313 704 479 765 nunquam
502 683 669 767 accideret,
692 683 756 748 nisi
774 683 857 748 radii
881 685 921 749 ab
941 685 1016 772 igne
1035 708 1108 771 pro-

91 789 172 854 fecti
192 789 367 854 seeundum
385 793 490 854 reetas
510 789 680 854 ferrentur.
714 791 978 855 manifestissime
998 797 1107 857 autem

93 896 241 961 omnium
264 896 326 961 hoo
349 896 385 959 in
406 896 447 960 iis
472 896 558 960 cerni
582 902 699 982 potest,
723 919 804 981 quae
827 898 957 983 proprie
977 900 1018 963 ad
1036 921 1107 964 eam

91 1025 163 1067 rem
187 1007 424 1087 comparantur.
460 1025 537 1066 nam
561 1003 588 1067 si
612 1004 653 1067 ad
670 1004 836 1069 lucernam
859 1027 990 1089 quoquo
1009 1007 1105 1070 modo

92 1109 288 1174 collocatam
312 1109 486 1192 adponitur
509 1109 630 1173 tabella
652 1110 768 1174 rimam
786 1111 911 1175 habens
932 1112 1023 1176 tenui
1043 1135 1106 1177 ser-

91 1216 165 1280 rula
188 1215 323 1300 factam,
349 1215 398 1279 ita
424 1219 462 1279 ut
484 1215 567 1279 rima
591 1216 715 1280 mediae
738 1217 888 1282 lucernae
913 1224 1105 1303 opponatur,

91 1327 125 1387 et
152 1323 188 1386 in
216 1322 318 1386 altera
344 1326 437 1404 parte
460 1321 536 1386 huie
559 1322 698 1387 tabellae
727 1323 807 1388 satis
835 1324 1018 1408 propinqua
1041 1326 1106 1389 alia

90 1428 214 1493 tabella
229 1428 417 1512 collocatur,
434 1428 582 1511 inquam
598 1429 690 1493 cadet
708 1429 828 1514 radius,
848 1430 903 1513 qui
917 1453 974 1515 per
988 1431 1105 1496 rimam

90 1537 212 1620 fertur,
246 1557 371 1619 semper
403 1534 529 1599 radium
561 1535 596 1598 in
625 1535 779 1600 tabellam
808 1536 975 1600 cadentem
1007 1538 1104 1602 rectis

91 1641 188 1706 lineis
213 1642 481 1725 comprehensum
505 1641 708 1707 inueniemus
732 1646 765 1706 et
788 1643 916 1728 lineam,
940 1665 1021 1726 quae
1040 1667 1105 1707 me-

90 1748 178 1812 diam
202 1747 368 1813 lucernam
392 1751 425 1812 et
443 1747 560 1812 rimam
579 1748 717 1812 tabellae
737 1749 916 1835 coniungit,
938 1749 974 1813 in
992 1750 1104 1814 eadem

88 1860 181 1920 reeta
205 1852 391 1941 positam.¹)

156 1961 223 2026 iam
251 1984 324 2025 oum
354 1961 562 2025 manifestum
586 1965 670 2026 esset
698 1966 731 2026 et
754 1962 905 2026 omnibus
930 1968 1104 2048 constaret,

89 2090 221 2133 omnem
239 2068 345 2133 luoem
364 2069 539 2132 seeundum
558 2072 680 2132 rectam
695 2069 816 2133 lineam
834 2069 921 2154 ferri,
941 2071 980 2134 ad
995 2070 1103 2134 uisum

88 2175 262 2260 radiosque
287 2174 327 2238 ab
348 2195 386 2238 eo
406 2174 524 2238 effusas
543 2174 676 2238 transiri
694 2175 825 2239 uolebat
846 2179 942 2259 atque
962 2177 1104 2262 eonoedi,

87 2304 145 2346 eos
171 2281 345 2346 seeundum
368 2281 471 2345 lineas
494 2285 599 2344 rectas
618 2280 696 2344 ferri
720 2287 752 2345 et
770 2281 844 2345 illas
865 2281 994 2366 quidem
1016 2282 1103 2347 inter

88 2411 124 2454 se
149 2388 324 2471 distantes,
353 2392 385 2451 et
413 2409 450 2450 ea
478 2387 516 2451 de
541 2409 636 2451 eausa
662 2410 702 2452 ne
727 2410 807 2472 quae
833 2393 1008 2453 cernuntur
1036 2389 1105 2472 qui-

88 2496 174 2579 dem,
192 2499 263 2558 tota
284 2493 380 2558 simul
400 2494 496 2579 cerni,
515 2494 594 2558 haee
610 2494 793 2558 admonens.
828 2517 923 2584 saepe
942 2494 1028 2558 enim
1043 2517 1103 2559 aen

87 2601 197 2666 alioue
232 2600 390 2665 eiusmodi
423 2600 615 2685 corpusculo
652 2599 742 2664 humi
775 2591 921 2664 oonieeto
954 2600 1102 2665 homines

85 2707 171 2773 satis
205 2707 349 2771 studiose
382 2705 563 2789 quaerendo
598 2727 729 2789 operam
757 2706 914 2770 dederunt
946 2710 978 2770 et
1007 2728 1102 2791 saepe

85 2816 226 2881 eundem
249 2814 359 2878 locum
382 2812 578 2896 perscrutati
603 2817 687 2896 sunt,
711 2834 784 2876 oum
807 2812 890 2876 nihil
910 2813 1101 2897 corpusculo

160 2973 187 3039 1)
204 2969 311 3023 Debuit
331 2969 370 3022 sie
385 2968 454 3023 diei:
474 2967 587 3037 lineam,
607 2986 679 3037 quae
692 2968 816 3023 mediam
830 2968 974 3024 lucernam
987 2969 1100 3023 rimam·

83 3059 141 3112 que
165 3040 267 3111 prioris
291 3040 415 3095 tabellae
439 3042 469 3094 et
486 3042 623 3110 punctum
644 3039 818 3095 illustratum
840 3040 955 3094 alterius
974 3040 1100 3095 tabellae

85 3113 252 3182 coniungat,
273 3128 381 3182 semper
398 3114 506 3166 rectam
524 3127 592 3165 esse.

822 3207 986 3214 ——ss
1012 3209 1099 3215 ..--

82 3274 154 3312 1011.
176 3271 210 3308 ex
229 3252 277 3310 aul
301 3271 409 3309 111111.
429 3256 462 3309 V.
554 3260 595 3308 18.
616 3251 679 3327 οὖν]
699 3271 760 3308 com
782 3297 786 3307 .
807 3253 840 3322 V,
865 3270 949 3323 supra
973 3270 1023 3307 ser.
1044 3250 1095 3308 obv

80 3343 195 3383 111111.
288 3333 328 3380 19.
353 3323 529 3397 μεταβαίνων
548 3345 574 3395 p.
665 3332 707 3379 20.
727 3325 806 3393 ἠξιον
840 3325 917 3390 ἀξιοῖ
932 3341 968 3377 m.
988 3339 1041 3378 reo.
1060 3323 1093 3379 V.

119 3405 163 3454 21.
184 3395 233 3452 καί
249 3400 321 3470 [prb]
342 3398 395 3451 del.
416 3416 451 3450 m.
470 3412 524 3450 reo.
543 3397 576 3452 V.
660 3403 701 3450 22.
721 3397 905 3465 διαστημασιν
923 3394 979 3450 Vv.
1052 3400 1094 3449 25.

79 3468 307 3540 προσεκάθησαν
325 3487 351 3523 v.
424 3474 465 3522 26.
486 3468 590 3536 τρόπον
608 3486 635 3537 p.
709 3466 879 3536 ἐμάστευσαν
897 3467 930 3522 V.

882 3557 936 3612 10*
