2424 3944
436 154 607 206 nuonmrs
626 153 762 206 orrrcn.
1062 149 1104 213 85

173 323 208 390 si
246 324 410 409 quantitas
448 324 556 407 aliqua
591 323 864 409 perpendicularis
896 322 995 387 fuerit
1032 322 1105 385 sub-

92 440 216 506 iacenti
247 440 345 524 plano
374 439 523 524 ebipedo,
553 444 695 526 ponatur
723 444 830 503 autem
864 439 975 503 oculus
1008 460 1105 520 super

93 556 228 640 aliquod
249 559 406 641 punctum
429 555 564 640 ebipedi,
588 560 889 640 transponaturque,
912 554 997 638 quod
1020 553 1105 617 uide-

92 676 157 756 tur,
182 693 278 756 super
297 671 409 736 circuli
427 671 612 757 periferiam
631 676 778 736 centrum
796 670 946 735 habentis
967 668 1105 751 oculum,

93 808 222 870 semper
246 787 387 870 aequalis
410 809 462 852 res
486 791 659 870 conspecta
682 787 810 850 uidetur
833 786 1009 850 secundum
1032 806 1102 868 par·
1142 803 1158 852 o

93 902 224 968 allelam
246 901 443 987 positionem
466 902 496 967 ei
520 924 601 986 quae
625 925 642 966 e
665 901 826 987 principio
850 900 1020 966 transiens.

161 1030 242 1111 esto,
265 1048 347 1111 quae
369 1026 509 1112 uidetur,
531 1025 640 1109 aliqua
659 1027 849 1112 magnitudo
873 1025 916 1090 ab
938 1025 1106 1110 perpendi-

94 1140 214 1207 cularis
242 1141 384 1206 existens
413 1142 562 1228 ebipedo,
594 1142 705 1207 oculus
734 1164 810 1207 uero
840 1141 883 1205 sit
906 1163 940 1226 9,
972 1145 1004 1205 et
1033 1162 1105 1206 con-

92 1257 250 1343 iungatur
275 1257 332 1343 pb,
364 1261 397 1322 et
424 1262 535 1322 centro
564 1259 735 1343 quidemq
763 1257 869 1342 spatio
894 1257 938 1340 pb
966 1256 1105 1321 circulus

94 1373 298 1438 describatur
320 1373 371 1438 bd.
417 1374 504 1458 dico,
527 1374 694 1460 quoniam,
718 1374 745 1438 si
770 1395 865 1458 super
889 1373 1001 1437 circuli
1023 1371 1105 1456 peri·
1125 1390 1159 1438 10
1204 1462 1208 1467 ι

91 1489 210 1553 feriam
224 1494 456 1575 transponatur
469 1490 512 1553 ab
531 1489 731 1576 magnitudo,
750 1490 790 1553 ab
811 1488 903 1553 oculo
919 1509 940 1570 p
961 1486 1105 1572 aequalis

93 1603 260 1668 uidebitur
287 1603 338 1669 ab.
394 1606 515 1669 etenim
544 1605 600 1669 αὔ
619 1609 708 1669 recta
740 1609 790 1669 est
823 1608 855 1668 et
886 1603 966 1668 facit
998 1603 1037 1666 ad
1065 1602 1106 1685 ty

92 1720 252 1806 angulum
282 1725 423 1806 rectum,
456 1742 632 1805 omnesque
664 1743 683 1784 a
713 1725 824 1785 centro
855 1720 1036 1784 accidentes
1066 1720 1106 1784 ad

92 1836 208 1901 circuli
243 1835 428 1919 periferiam
464 1840 570 1900 rectae
608 1836 757 1920 aequales
795 1835 932 1922 angulos
968 1835 1104 1900 faciunt.

92 1951 236 2037 aequalis
261 1972 338 2036 ergo
363 1956 536 2036 conspecta
558 1951 722 2017 uidebitur
744 1953 945 2039 magnitudo.
1124 1966 1158 2016 15

166 2074 193 2139 si
225 2096 303 2139 uero
336 2097 355 2139 a
388 2080 498 2141 centro
530 2098 551 2160 p
586 2078 893 2162 perpendiculariter
930 2081 1106 2162 consurgat

91 2195 196 2277 recta,
223 2195 256 2255 et
280 2213 376 2275 super
403 2213 475 2256 eam
503 2194 614 2257 oculus
637 2197 791 2278 ponatur,
818 2197 851 2257 et
874 2197 1106 2278 transponatur

92 2311 267 2391 conspecta
290 2308 481 2393 magnitudo
505 2310 681 2373 secundum
700 2309 812 2374 circuli
830 2309 1016 2394 periferiam
1034 2333 1105 2393 par-

92 2421 206 2486 allelos
227 2422 368 2488 existens
386 2429 503 2508 rectae,
522 2446 618 2509 super
637 2446 734 2507 quam
752 2429 802 2489 est
821 2423 944 2510 oculus,
962 2426 1104 2508 aequalis

90 2560 220 2622 semper
241 2560 292 2603 res
317 2544 492 2622 conspecta
515 2538 652 2603 uidetur.
1122 2551 1156 2600 ro

164 2806 188 2855 5.
214 2800 355 2924 aequalis}
373 2818 441 2856 corr.
461 2819 494 2857 ex
513 2801 645 2871 aequales
664 2821 697 2858 m.
717 2809 733 2857 1
752 2804 790 2859 D.
882 2810 906 2859 8.
931 2803 1104 2874 coniungan-

91 2874 140 2926 tur
159 2873 196 2927 D.
276 2877 316 2926 10.
357 2871 505 2926 ascribitur
523 2875 560 2929 D.
640 2880 679 2929 11.
700 2875 789 2946 athi
808 2879 846 2932 ob
865 2877 902 2930 D.
976 2883 1017 2930 20.
1038 2893 1104 2930 oon-

91 2943 203 3014 speota]
222 2943 362 3012 completa
380 2944 417 2998 D.

128 3234 170 3283 14.
183 3224 350 3296 μεθίσταται
359 3245 395 3297 m,
408 3230 437 3281 et
445 3228 519 3298 vas,
530 3230 580 3284 ssd
590 3247 658 3285 corr.
715 3236 755 3285 18.
767 3231 870 3302 ὀρθήν]
886 3247 938 3285 om.
949 3231 1101 3287 VVat.¹m.

128 3305 170 3354 19.
191 3307 242 3353 τοῦ
254 3300 327 3371 (pr.)]
347 3316 442 3369 cmv,
461 3318 496 3355 m.
517 3307 532 3354 2
552 3301 616 3356 Vat.
671 3300 799 3374 κέντρου]
819 3303 921 3357 κύκλου
939 3303 1004 3357 Vat.
1060 3309 1102 3359 20.

89 3388 234 3458 ποιοῦσιν]
249 3385 394 3445 ποιοῦιῆαι
412 3389 485 3458 Vas,
505 3397 636 3444 ποιοῦσαι
649 3408 675 3446 v,
731 3395 772 3445 21.
795 3391 826 3445 τὸ
841 3388 961 3461 μέγεθος
978 3410 1003 3447 r.
1060 3399 1102 3447 λλ.

90 3458 224 3530 κέντρου]
244 3475 310 3514 corr.
331 3475 365 3512 ex
383 3459 486 3514 κύκλου
504 3460 568 3515 Vas.
642 3467 683 3515 23.
704 3464 895 3534 μετακινῆται]
915 3472 1103 3531 μετακινεῑται

88 3531 156 3600 Vm,
178 3532 208 3584 et
226 3529 312 3599 vata
332 3530 381 3584 sed
400 3547 468 3586 corr.
542 3537 583 3587 25.
603 3531 780 3604 παράλληλον
799 3534 843 3606 ὄν]
863 3533 893 3589 in
910 3551 964 3590 ras.
983 3554 1019 3590 m.
