2424 3944
80 175 102 228 L
448 173 724 226 PROLEGOMENA.

152 317 197 373 his
229 315 371 388 perpensis
400 311 489 368 oritur
516 313 650 383 suspicio,
684 311 858 382 catoptrice‚
892 316 989 382 qualia
1017 333 1094 371 nunc

80 398 231 467 habemus,
256 394 404 449 eTheone
429 394 541 448 demum
563 391 716 461 compilete
740 410 812 463 esse,
836 397 869 448 ut
888 412 951 450 cum
970 397 1030 451 eius
1050 415 1094 452 re-

80 478 210 533 censione
221 473 383 544 Opticorum
392 473 422 527 in
436 474 485 528 τὸν
499 474 599 543 μικρὸν
613 473 874 545 ἀστρονομούμενον
888 477 1093 547 reciperentur3

79 577 146 613 nem
169 553 303 611 credibile
327 557 383 625 est,
412 571 476 608 eum
498 554 528 607 in
552 552 672 622 Opticis,
701 555 751 608 ubi
779 572 848 625 opus
874 557 1029 626 genuinum
1056 557 1093 613 ob

80 638 175 693 oculos
194 634 324 704 heberet,
349 652 366 688 e
385 650 511 688 sermone
529 632 647 701 antiquo
665 633 757 688 minus
783 636 945 706 deflexisse,
970 641 999 691 et
1018 654 1093 706 quae

78 716 109 769 in
128 714 236 785 Opticis
259 731 364 770 nouere
387 713 550 782 incepisset,
574 712 604 765 in
623 713 791 784 Cetoptricis
816 717 928 770 demum
951 717 989 771 ed
1008 718 1094 772 finem

77 796 249 865 perduxisse.
296 796 349 849 hoc
378 794 402 847 si
429 810 495 848 uere
524 792 682 862 suspicatus
706 811 780 864 sum,
809 794 840 848 in
862 796 923 851 cod.
948 796 1013 850 Uet.
1039 803 1094 850 204

77 875 127 928 τὸν
146 874 246 944 μικρὸν
264 873 526 943 ἀστρονομούμενον
548 872 636 927 telem
654 873 804 943 hebemus,
828 875 921 944 qualis
940 893 958 928 e
976 876 1093 931 Theone

77 955 249 1024 compositus
263 957 319 1022 est3
339 954 376 1008 eb
389 952 472 1007 initio
488 952 649 1022 Cetoptrice
663 971 720 1008 non
734 955 946 1025 comprehendit
960 956 1093 1024 (Studien

77 1053 103 1104 p.
126 1038 195 1105 152).
237 1037 299 1089 tum
322 1051 407 1087 cause
433 1036 477 1087 est
500 1032 662 1102 dubitandi,
690 1033 868 1103 scripseritne
891 1034 1005 1090 omnino
1026 1035 1093 1091 Cet·

78 1113 187 1183 optrica
206 1113 349 1181 Euclides;
372 1129 464 1181 neque
483 1112 558 1167 enim
575 1113 629 1167 hoc
649 1128 683 1166 ex
700 1132 727 1183 p.
744 1120 786 1184 30,
806 1120 822 1167 3
847 1114 977 1169 concludi
995 1118 1094 1185 potest

77 1197 182 1265 (potest
196 1194 271 1248 enim
284 1193 372 1248 etiem
386 1193 510 1248 alienum
525 1210 594 1262 opus
608 1193 650 1246 ite
665 1193 770 1263 citare),
791 1198 820 1248 et
831 1195 946 1249 Proclus
961 1195 991 1249 in
1000 1196 1092 1252 Elem.

76 1293 103 1344 p.
115 1281 184 1344 69‚2
204 1275 323 1329 fortasse
342 1273 400 1327 ium
414 1273 535 1327 Theonis
554 1290 624 1342 opus
642 1273 673 1326 in
692 1273 823 1328 menibus
837 1275 947 1344 hebuit,
965 1275 996 1330 in
1015 1277 1093 1345 quod

76 1354 203 1408 Huclidis
216 1370 319 1408 nomen
338 1353 374 1407 ob
389 1352 567 1407 uicinitatem
582 1352 746 1422 Opticorum
758 1353 843 1409 facile
857 1355 1091 1413 transferebatur.

76 1435 106 1488 in
126 1451 208 1504 opere
224 1451 273 1488 sno
288 1433 480 1503 componendo
495 1432 592 1486 Theon
606 1431 650 1486 uti
663 1436 777 1502 poteret
790 1437 820 1488 et
834 1435 1010 1490 Archimedis
1025 1437 1092 1491 Get·

77 1515 201 1585 optricis,
220 1530 293 1583 qnae
306 1513 408 1567 hebuit
422 1512 463 1582 (in
476 1512 594 1567 Ptolem.
605 1515 677 1582 synt.
686 1532 714 1583 p.
727 1520 773 1582 103
793 1514 841 1569 cfr.
857 1515 943 1570 schol.
957 1534 999 1570 nr.
1011 1521 1046 1586 7),
1063 1520 1092 1571 et

75 1595 202 1650 Heronis.
240 1597 269 1648 et
291 1610 389 1648 reuera
407 1612 434 1662 p.
450 1599 510 1661 286,
526 1599 630 1646 17-19
654 1609 688 1646 ex
707 1593 873 1649 Archimede
880 1596 903 1666 ')
928 1594 1034 1649 citetur
1053 1597 1091 1651 ab

80 1674 280 1745 Olympiodoro
299 1674 330 1728 in
352 1673 496 1728 Meteorol.
516 1673 542 1726 II
564 1691 591 1742 p.
612 1679 645 1726 94
668 1673 712 1728 ed.
731 1674 835 1742 Ideler‚
863 1677 892 1728 et
913 1692 991 1745 prop.
1012 1681 1029 1728 4
1053 1677 1092 1730 ad

76 1755 194 1808 uerbum
211 1754 270 1809 fere
289 1752 365 1823 apud
383 1753 522 1806 Heronem
540 1751 645 1822 legitur
662 1771 739 1822 prop.
757 1759 772 1807 7
791 1754 882 1824 (Rose,
902 1754 1050 1810 Anecdote
1065 1757 1092 1810 11

75 1853 102 1904 p.
118 1840 183 1902 322;
208 1834 255 1890 cfr.
275 1833 344 1887 ibid.
363 1850 441 1903 prop.
457 1838 473 1887 9
489 1859 522 1878 =
537 1831 661 1902 Cetoptr.
678 1838 720 1901 24,
739 1850 817 1902 prop.
835 1840 867 1887 10
883 1861 916 1879 =
932 1838 966 1905 5).

145 1913 195 1967 sed
211 1931 274 1967 cum
288 1912 375 1967 ceteri
388 1912 611 1981 Oetoptricorum
624 1912 691 1965 libri
706 1912 812 1967 Graece
825 1931 882 1968 non
895 1913 954 1968 iem
968 1918 1089 1984 exstent,

74 1995 202 2046 nostrum
221 1992 386 2062 opusculum
404 1994 528 2046 aetatem
546 1991 621 2062 tulit,
641 1992 707 2060 quis
726 1992 756 2046 in
774 1994 824 2048 τὸν
836 1994 936 2062 μικρὸν
955 1996 1090 2064 ἀστρονο-

75 2073 216 2141 μούμενον
230 2073 374 2141 receptum
384 2075 456 2141 eret3
471 2071 496 2125 is
511 2071 585 2126 enim
598 2075 713 2143 propter
721 2073 915 2127 Ptolemaeum
928 2090 1038 2145 semper
1053 2076 1091 2129 ab

74 2151 236 2206 hominibus
260 2151 424 2221 Byzantinis
449 2151 645 2221 lectitabatur3
674 2151 723 2207 cfr.
745 2152 908 2207 Theodorus
931 2153 1089 2210 Metochita

75 2232 151 2302 apud
170 2232 272 2286 Sathas
292 2237 433 2287 Μεσαιων.
453 2233 523 2303 defit.
543 2233 555 2285 Ι
577 2235 672 2306 ped:
694 2233 817 2302 καὶμὴν
837 2232 876 2286 ἔτι
894 2233 943 2287 καὶ
961 2232 1031 2288 ἅττα
1050 2241 1089 2308 τῷ

74 2312 159 2381 ἀνδρὶ
177 2311 309 2382 (Euclidi)
332 2310 577 2382 προσεξείργασται
600 2311 749 2367 ducencies
772 2313 820 2367 καὶ
843 2313 1016 2382 κατοπτρικά
1038 2317 1089 2370 καὶ

74 2389 214 2462 δεδομένα
237 2393 286 2448 καὶ
307 2391 343 2447 τά
366 2393 429 2461 περὶ
451 2402 507 2448 τῶν
530 2391 593 2448 κατ’
611 2391 733 2461 ούρανδν
753 2390 946 2462 φαινομένων,
969 2394 1087 2464 ὡσπερεὶ

74 2471 207 2542 πρύύνρά
221 2494 285 2529 τινα
302 2482 391 2528 ταύτα
410 2474 459 2529 καὶ
477 2474 617 2542 προαύλια
635 2481 690 2526 τῶν
710 2471 790 2534 ἐντὸς
807 2473 973 2542 ἀπορρήτων
989 2494 1019 2529 τε
1038 2475 1088 2531 καὶ

73 2554 185 2609 ἀδύτων
204 2552 402 2623 ἀστρονομίας;
426 2571 452 2608 u.
473 2553 560 2608 etiam
578 2553 704 2607 eiusdem
723 2553 969 2622 ύπομνημοιτισμοί
985 2574 1013 2624 p.
1035 2561 1087 2611 108

74 2632 225 2703 Kiessling.

145 2711 227 2782 Apud
242 2713 349 2767 Arabes
367 2713 477 2767 nullum
490 2712 643 2782 uestigium
661 2714 705 2766 est
719 2712 943 2781 Satcptn'corum
956 2714 1088 2784 (Studien

73 2792 144 2847 iiber
157 2791 262 2845 Euklid
277 2811 304 2862 p.
321 2797 396 2864 152);
414 2811 482 2847 nem
500 2809 573 2861 quae
592 2793 668 2861 apud
682 2792 808 2846 Alhezen
821 2792 1009 2847 ,inueniuntur
1021 2812 1087 2864 pro-

73 2870 228 2942 positiones
257 2870 363 2926 similes
391 2871 560 2942 (Schneider
584 2872 707 2943 Eclogee
729 2873 809 2942 phys.
829 2873 855 2926 H
877 2892 904 2943 p.
924 2879 988 2944 231,
1014 2879 1086 2946 233),

74 2951 189 3007 aliunde
212 2951 316 3006 hebere
339 2955 435 3023 potest
462 2951 553 3021 (uelut
576 2969 610 3006 ex
632 2953 744 3006 Herone
767 2954 796 3006 et
818 2952 1004 3023 Ptolemaeo),
1033 2971 1087 3010 nec

73 3032 150 3101 apud
158 3031 349 3102 Uitellionem,
364 3049 536 3101 quamquem
548 3032 638 3086 multo
647 3031 742 3101 plures
754 3031 959 3102 propositiones
978 3033 1087 3090 similes

71 3113 160 3166 hebet
178 3116 215 3178 (u.
235 3113 388 3168 Schneider
405 3112 424 3168 l.
440 3116 487 3182 c),
507 3111 662 3167 similitudo
681 3112 741 3167 eius
760 3113 838 3168 modi
856 3115 911 3182 est,
935 3116 967 3167 ut
986 3131 1001 3168 e
1021 3115 1086 3171 Cet-

73 3191 188 3260 optricis
211 3192 315 3247 nostris
339 3191 466 3247 hausisse
491 3191 677 3246 demonstrari
699 3192 803 3263 possit;
831 3196 875 3247 est
898 3193 973 3247 enim
994 3195 1085 3251 multo

73 3271 238 3341 diligentior
256 3275 285 3327 et
303 3272 455 3328 uerbosior.
489 3272 540 3326 sed
557 3275 589 3326 ut
609 3272 780 3343 Opticorum‚
799 3273 841 3327 ite
860 3272 1087 3343 Cetoptricorum

91 3510 112 3565 't
131 3441 168 3565 ἰ)
186 3441 280 3567 Ηούείύ
294 3442 381 3497 etiem
394 3442 562 3497 Heliodorus
578 3449 697 3513 cap.11;
715 3441 792 3496 idem
806 3458 866 3510 cap.
879 3447 911 3495 13
927 3459 961 3497 ex
972 3443 1085 3500 Herone

73 3527 130 3566 cre
161 3530 238 3583 prop.
273 3558 278 3567 .
