2424 3944
275 153 483 204 censorum
501 153 679 207 ancensro
698 155 864 208 rnnoms.
1008 155 1073 218 243

138 295 249 359 oculus
273 295 359 360 enim
383 296 427 361 sit
444 301 483 383 Β,
506 320 525 361 a
544 319 607 381 quc
627 298 785 362 ducantur
807 297 890 362 radii
912 301 983 383 ΒΓ,
1003 304 1074 385 ΒΔ,

65 406 141 485 ΒΖ,
174 407 347 466 cernantur
375 407 484 468 autem
510 406 556 487 K,
578 409 618 469 A.
668 404 779 488 itaque
807 405 864 470 ubi
893 406 1004 470 oculus
1033 407 1073 470 ἃᾶ

63 511 173 592 partes
193 511 226 571 Γ
243 513 530 595 praetermouetur,
553 511 642 576 uisus
662 511 918 597 magnitudinem
932 516 967 576 K
981 512 1071 596 prius

62 615 341 698 transgredientur
365 638 461 699 quam
485 620 524 680 A.
562 639 638 703 ergo
658 622 693 682 K
711 640 876 684 remanere
899 619 1073 706 uidebitur,

63 725 94 784 A
118 725 226 785 autem
249 721 284 785 in
305 726 415 806 partes
439 722 617 787 contrarias
632 725 777 808 moueri,
800 725 830 789 h.
850 748 875 790 e.
900 727 940 791 ad
961 731 1071 811 partes

62 827 104 891 ad
130 831 157 890 Z
179 827 311 911 positas.

540 989 591 1053 55.

130 1110 372 1197 Magnitudines
392 1116 505 1176 auctae
526 1113 619 1178 oculo
634 1114 891 1199 adpropinquare
909 1116 1069 1180 uidentur.

616 1223 678 1284 ΓΒ
707 1221 793 1285 enim
822 1244 841 1285 a
867 1221 966 1285 radiis
995 1225 1071 1306 KB,

547 1327 617 1388 ΚΓ
636 1330 796 1411 cernatur,
819 1331 852 1391 et
866 1330 934 1391 ΒΓ
946 1327 1069 1414 magni-

315 1441 355 1735 }
547 1429 659 1494 tudine
682 1435 749 1495 BA
773 1437 943 1518 augeatur,
971 1437 1003 1496 et
1027 1434 1068 1497 ab

548 1538 642 1601 oculo
661 1540 696 1600 K
716 1539 843 1603 adcidat
862 1539 970 1603 radius
989 1543 1067 1604 KA.

61 1705 102 1760 K
451 1721 489 1772 1⁷
547 1644 1067 1728 itaqueLAKF>BKEquae

548 1754 657 1814 autem
702 1750 741 1814 ab
784 1750 904 1836 angulo
945 1752 1067 1817 maiore

57 1862 247 1942 cernuntur,
274 1857 426 1941 propiora
448 1856 608 1921 uidentur.
655 1877 732 1942 ergo
757 1859 817 1920 ΓΛ
839 1858 974 1943 propius
997 1880 1067 1923 esse

55 1963 221 2027 uidebitur
244 1986 341 2047 quam
365 1967 435 2030 ΒΓ.

535 2159 587 2225 56.

122 2282 210 2358 Quae
242 2303 301 2346 nec
332 2282 488 2366 parallela
516 2288 592 2348 sunt
624 2306 683 2348 nec
710 2284 745 2347 in
773 2286 884 2350 eadem
911 2285 1066 2350 distantia

54 2389 163 2473 posita
199 2389 352 2454 extremis
389 2411 448 2453 nec
480 2389 595 2454 mediis
630 2391 898 2475 respondentibus
934 2412 993 2456 nec
1029 2392 1065 2455 in

53 2497 166 2561 eadem
184 2498 274 2559 recta
290 2494 418 2580 positis,
436 2499 540 2559 totam
557 2496 696 2581 figuram
714 2500 784 2560 tum
799 2518 974 2562 concauam
992 2503 1064 2562 tum

55 2623 235 2666 connexam
258 2598 445 2688 efficiuntl)

120 2711 293 2772 cernantur
312 2707 397 2772 enim
421 2711 465 2792 Β,
483 2711 523 2791 Γ,
542 2714 575 2772 A
599 2708 692 2773 oculo
711 2709 745 2776 in
768 2712 804 2773 K
821 2709 944 2794 posite,
967 2710 1062 2774 radii·

124 2973 150 3040 1)
166 2970 234 3024 Cum
244 2969 351 3025 Graeca
366 2987 448 3025 sensu
463 2973 586 3042 careant,
601 2970 703 3026 Latina
715 2970 746 3026 in
755 2971 808 3026 hcc
818 2988 929 3041 queque
938 2971 1061 3042 uestigia

51 3059 148 3097 eorum
167 3040 246 3109 sequi
265 3045 409 3112 coguntur.

87 3291 181 3362 ἔγγιον
196 3290 278 3362 (alan
299 3290 405 3361 ἔγγειον
425 3293 458 3346 V.
524 3292 598 3345 Ante
618 3291 710 3362 ἔγγιον
725 3290 795 3361 (alt.)
815 3289 983 3346 ἃᾶ(1.ιο“ιὸὲ
1002 3289 1059 3360 μεί-

50 3365 117 3428 ζονα
143 3360 248 3417 ἑαυτῶν
272 3361 386 3431 οἰόμενα
409 3371 458 3419 τοῦ
479 3362 601 3432 ὄμματος
622 3360 833 3427 ἐπαοξιὲνεσθαι
855 3364 982 3418 δοκοῦσι·
1010 3364 1060 3417 καὶ

50 3433 84 3487 τὰ
97 3432 278 3502 αὐξανόμενα
293 3432 348 3502 ἄρα
362 3443 417 3489 τῶν
430 3437 558 3504 μεγεθῶν
573 3434 649 3499 δόξει
662 3432 856 3504 προσάγεσθαι
868 3439 906 3506 τῷ
916 3434 1018 3504 ὄμματι
1031 3453 1057 3503 p.

86 3511 128 3559 20.
149 3505 208 3576 vs']
227 3504 272 3570 ξδ’
287 3523 318 3574 p,
338 3505 382 3575 ξγ’
397 3506 447 3561 Vv
465 3509 491 3576 (γ
510 3505 564 3560 dcl.
583 3524 619 3561 m.
635 3512 650 3559 2
669 3510 706 3576 v).
779 3511 820 3560 23.
840 3504 926 3578 μηδὲ]
946 3503 1013 3576 μηδ’
1029 3524 1056 3575 p.

846 3595 899 3649 16*
