2424 3944
439 150 610 205 nucnnns
629 150 766 204 ornos.
1064 147 1107 215 59

94 294 278 379 procedunt
309 297 418 359 autem
451 295 627 358 seeundum
659 315 702 360 aa
733 299 766 358 εὴ
797 317 854 380 aq,
888 295 1041 379 quoniam
1062 292 1108 360 'in

93 401 252 487 parallelo
277 401 412 484 ebipedo
434 401 561 485 positus
585 405 634 465 est
658 401 780 486 oculus,
803 403 978 466 seeundum
998 407 1107 466 autern

93 512 202 572 reolus
220 507 324 572 lineas
342 507 455 571 finitur
470 507 569 572 uisus.
603 507 630 571 si
645 508 731 572 enim
746 513 836 572 extra
851 509 970 573 oadunl
988 530 1041 594 oq,
1055 529 1108 594 aa,

95 615 295 700 franguntur
322 613 428 699 uisus,
455 614 541 697 quod
567 613 676 678 locum
698 613 892 678 nonhabet.
940 615 1005 680 sint
1028 637 1106 701 ergo

93 726 142 805 et,
165 721 206 786 ei.
253 719 407 803 quoniam
435 740 513 805 ergo
537 719 573 782 in
594 719 749 803 parallelo
773 720 908 804 ebipedo
933 722 1108 786 seeundum
1144 733 1160 782 o

94 831 204 892 rectas
226 826 328 890 lineas
352 825 500 889 feruntur
518 825 618 910 uisus,
641 847 722 909 quae
741 847 820 889 uero
839 826 898 890 sub
918 828 1107 910 aequalibus

93 932 226 1020 angulis
240 932 312 996 uisa
327 936 412 1016 sunt,
431 931 578 1016 aequalia
592 936 758 1017 apparent,
775 937 983 1018 quotcunque
998 939 1108 998 autem

93 1039 187 1104 uisus
206 1039 242 1103 in
259 1041 327 1104 aed
343 1043 433 1103 reeta
449 1043 615 1123 ponuntur
629 1039 783 1123 paralleli,
802 1040 951 1125 aequales
970 1041 1107 1125 angulos

93 1145 276 1231 continent,
299 1145 432 1229 aequale
456 1166 534 1230 ergo
558 1145 631 1209 coni
653 1144 826 1210 uidebitur.
867 1150 900 1210 εὴ
923 1146 950 1209 si
974 1148 1107 1232 aequale

94 1253 219 1336 uident,
241 1251 348 1316 minus
372 1273 449 1317 uero
473 1251 546 1315 coni
569 1251 689 1316 uident.
727 1253 1160 1335 quareetminusuide-10

93 1359 187 1424 bitur
211 1358 292 1423 coni.

163 1572 307 1637 Rursum
334 1576 444 1636 autem
472 1569 565 1634 oculo
594 1574 815 1653 transportato
843 1571 884 1635 ab
907 1571 1024 1634 humili
1047 1572 1107 1636 ele-

93 1679 281 1762 ualiorique
314 1678 408 1742 oculo
435 1677 544 1762 posito
577 1675 681 1740 maius
713 1676 843 1760 quidem
870 1676 932 1740 erit
959 1677 997 1741 de
1026 1699 1107 1742 cono

93 1787 217 1871 uisum,
238 1784 368 1849 uidetur
390 1788 499 1848 autern
521 1782 628 1846 minus
652 1804 820 1867 apparere,
841 1783 1007 1848 humiliori
1029 1806 1107 1849 uero

95 1893 208 1958 minus
231 1892 361 1975 quidem
385 1890 456 1975 erit,
478 1881 608 1954 uidetur
631 1893 739 1953 autem
762 1889 866 1954 maius
890 1911 1053 1974 apparere.
1127 1904 1161 1952 15

164 2003 236 2063 esto
260 2019 369 2080 conus,
393 1997 484 2061 ouius
503 1996 591 2060 basis
612 1995 741 2080 quidem
760 1997 801 2078 by
824 1996 972 2083 circulus,
994 2004 1107 2064 uertex
1186 2000 1190 2010 '

93 2110 208 2171 autem
231 2126 253 2169 a
273 2108 423 2190 punctus,
446 2103 574 2187 sintque
597 2102 700 2167 latera
724 2103 796 2167 coni
819 2104 874 2188 ba,
898 2125 955 2189 oq,
978 2109 1011 2170 εὴ
1033 2128 1107 2170 oon-

90 2214 252 2298 iungalur
272 2212 321 2295 by,
345 2215 378 2275 et
401 2209 558 2274 adiciatur
576 2213 683 2273 rectae
701 2210 743 2291 by
765 2211 920 2295 metali,
950 2215 982 2275 εὴ
1001 2212 1108 2277 traha-

91 2324 151 2384 tur
167 2339 232 2402 ¹por
253 2321 411 2402 punctum
434 2315 625 2401 contingens
650 2321 663 2380 t
687 2320 793 2381 rectae
817 2317 859 2381 ab
887 2318 1040 2401 parallela
1064 2319 1105 2383 ta

92 2425 185 2507 dieo,
212 2422 299 2507 quod
321 2421 425 2486 maius
449 2422 579 2505 quidem
602 2422 677 2506 erit,
705 2420 812 2485 minus
840 2443 917 2485 uero
941 2423 1106 2488 uidebitur
1125 2436 1160 2484 20

92 2532 135 2596 de
166 2550 248 2594 cono
276 2528 384 2592 uisum
412 2526 505 2592 oculo
532 2526 640 2611 posito
670 2548 765 2609 super
788 2532 801 2590 t
825 2531 982 2610 punctum
1010 2550 1107 2612 quam

169 2762 193 2812 7.
213 2772 379 2825 quoeunque
393 2757 432 2822 D,
450 2772 517 2809 corr.
532 2773 566 2808 m.
581 2759 606 2808 1.
664 2759 688 2808 8.
703 2753 822 2822 paralell
835 2770 887 2822 seq.
901 2771 954 2808 rus.
970 2759 987 2808 1
1003 2757 1053 2810 lut.
1068 2757 1105 2811 D.

131 2834 175 2883 21.
196 2828 242 2899 de]
261 2845 311 2882 om.
331 2828 361 2881 D
379 2828 411 2880 iu
428 2833 495 2881 extr.
511 2844 576 2897 pop.
718 2842 721 2848 ⁴

89 3075 240 3147 τεθέντος]
259 3071 465 3138 κατατεθέντος
482 3094 517 3130 m.
593 3079 634 3130 15.
654 3071 854 3144 μετεωροτέρου
873 3073 997 3127 Evam.
1064 3079 1105 3128 16.

91 3184 211 3240 ἔλαττον
230 3182 359 3250 Vatum,
379 3198 466 3250 comp.
486 3181 517 3236 B.
580 3187 621 3236 17.
640 3145 772 3236 caasa?
792 3180 880 3234 Vaut¹
899 3178 939 3248 (in
957 3178 1021 3233 vat.
1037 3196 1105 3235 corr.

90 3275 130 3311 m.
150 3258 187 3325 2).
275 3251 387 3307 ἔλαττον
406 3253 502 3321 Vat.v‚
526 3270 615 3321 oomp.
635 3253 666 3307 B.
756 3257 798 3306 21.
819 3251 888 3321 ΑΓ]
908 3249 978 3303 Ain
997 3267 1050 3305 ras.
1070 3270 1105 3306 m.

130 3339 287 3414 ἐπεζεύχθω
304 3341 360 3396 Bv.
425 3347 466 3397 22.
486 3342 516 3413 ἡ]
536 3341 551 3396 ὁ
570 3360 595 3396 v.
656 3349 706 3396 τοῦ
721 3341 793 3411 (pr.)]
814 3357 866 3394 om.
882 3339 936 3407 Bv,
955 3345 1021 3393 Μ
1041 3340 1106 3396 Vae.

129 3439 173 3488 24.
195 3431 308 3486 ἔλαττον
322 3431 419 3501 ΜΝ,
438 3448 526 3500 comp.
542 3431 572 3484 B.
628 3437 670 3486 25.
689 3426 832 3500 τεθέντος]
851 3413 932 3482 rem
945 3429 1018 3498 Van,
1038 3445 1106 3485 corr.

88 3524 130 3561 m.
150 3511 181 3572 2;
199 3500 318 3582 τέθηται
337 3521 362 3556 v.
