2424 3944
146 151 212 215 314
538 154 769 207 CATOPTRICA.

147 293 183 361 δὲ
210 295 230 379 ἡ
254 300 318 361 BA
350 296 563 382 ἀνακλωμένη
592 295 645 362 ἐπὶ
672 299 710 363 τὸ
733 303 779 381 A,
811 294 868 361 καὶ
895 297 1035 382 ὁράσθω
1059 297 1095 363 τὸ
1119 302 1162 380 A,

144 402 283 488 κέντρον
307 401 343 468 δέ
366 413 424 488 τῆς
446 407 592 488 σφαίρας
615 406 697 468 έστω
720 405 757 468 τὸ
782 408 825 487 Ζ,
852 401 908 467 καὶ
931 401 1118 488 ἐπεζεύχθω
1141 402 1161 486 ἡ

144 515 225 594 AZ,
257 509 313 576 καὶ
336 510 547 595 ἐκβεβλήσθω
575 510 596 594 η
620 514 682 575 BA
709 512 786 588 ὄφις
813 508 868 575 ἐπὶ
889 511 927 575 τὸ
950 515 989 575 Ε.
1037 509 1162 575 οὐκοῦν

146 616 214 682 ἐπεὶ
237 616 387 683 ὑπέκειτο
412 618 448 683 ἐν
471 630 540 694 τοῖς
563 616 788 702 φαινομένοις,
812 617 863 682 ὅτι
885 615 1162 701 καταληφθέντος

110 733 125 782 5
146 732 206 787 τοῦ
231 727 264 789 Γ
285 726 322 788 τὸ
345 731 378 789 A
397 725 466 808 ὀὐχ
492 725 623 809 ὁρᾶται,
655 724 841 808 ὀφθήσεται
864 725 928 809 ἀρα
952 721 1003 788 ἐπ’
1026 723 1161 800 εὐθείας

144 840 183 914 τη
206 831 278 894 ΛΓ
298 830 381 893 κατὰ
408 831 469 913 την
492 831 658 913 σύμβασιν
680 838 738 913 τῆς
760 833 824 893 BA
851 831 957 907 ὄψεως
984 828 1042 894 καὶ
1066 829 1159 915 [ἀπὸ]

143 945 201 1017 τῆς
224 938 294 999 ΑΓ
311 934 364 1000 ἐπὶ
387 945 447 1001 τοῦ
470 941 514 1019 Ε,
537 936 688 1021 καθάπερ
712 933 765 1001 ἐπὶ
787 947 857 1012 τοῖς
880 934 1058 1013 ἐπιπέδοις.

621 1139 633 1178 ι
671 1164 677 1177 .

207 1216 261 1283 Ἐν
283 1231 353 1296 τοῖς
375 1222 500 1297 κοίλοις
523 1137 695 1306 ἐνόπτβύις
721 1219 859 1286 ἕκαστον
886 1231 954 1286 τῶν
977 1218 1159 1305 ὁρωμένων

90 1334 124 1382 10
142 1326 224 1389 κατὰ
242 1328 303 1410 τὴν
322 1326 385 1392 ἀπὸ
402 1336 461 1391 τοῦ
476 1326 648 1413 ὁρωμένου
667 1329 714 1405 είς
731 1329 769 1393 τὸ
783 1327 921 1412 κέντρον
939 1336 998 1411 τῆς
1011 1330 1157 1412 σφαίρας

142 1431 307 1516 ἀγομένην
331 1433 468 1499 εὐθεῖαν
491 1434 615 1520 ὁρᾶται.

207 1542 289 1604 ἔστω
312 1545 427 1606 κοῖλον
449 1544 611 1626 ένοττρον
629 1543 666 1606 τὸ
687 1543 757 1625 ΓΔ,
781 1543 857 1618 ὄψις
880 1537 917 1605 δέ
940 1539 1155 1626 ἀνακλωμένη

139 1644 160 1728 η
184 1649 252 1710 ΒΓ
278 1644 332 1711 ἐπὶ
358 1649 395 1712 τὸ
418 1653 451 1712 A
479 1648 662 1733 ὁρώμενον,
694 1657 752 1732 τῆς
780 1644 817 1713 δέ
843 1649 988 1732 σφαίρας
1016 1647 1155 1734 κέντρον

140 1754 221 1817 έστω
241 1755 277 1818 τὸ
297 1759 336 1837 Ε,
359 1752 414 1818 καὶ
432 1755 496 1819 ἀπὸ
516 1764 575 1820 τοῦ
595 1762 626 1819 Α
650 1752 703 1819 ἐπὶ
723 1756 760 1820 τὸ
780 1760 812 1819 Ε
833 1755 1018 1838 ἐπεζεύχθω
1038 1755 1153 1821 εὐθεῖα

87 1868 120 1916 15
139 1857 194 1923 καὶ
217 1859 438 1944 ἐκβεβλήσθω.
480 1862 604 1926 οὐκοῦν
627 1860 697 1927 ἐπεὶ
718 1861 869 1927 ὑπέκειτο
891 1861 926 1926 ἐν
946 1873 1018 1938 τοῖς
1035 1844 1151 1946 φαινοῖ

137 1963 259 2050 μένοις,
283 1968 333 2033 ὅτι
351 1967 622 2052 καταληφθέντος
643 1978 704 2033 τοῦ
722 1971 826 2034 τόπου
846 1977 906 2033 τοῦ
925 1973 960 2032 A
981 1970 1020 2034 τὸ
1040 1975 1073 2033 Α
1092 1968 1150 2052 οὐχ

138 2071 264 2157 ὁρᾶται,
288 2076 370 2140 ὥστε
393 2078 546 2159 φαίνεται
569 2075 620 2140 ἐτ’
641 2076 775 2152 εὐθείας
797 2086 837 2161 τῇ
860 2079 942 2158 AB,
966 2075 1149 2159 ὀφθήσεται

138 2180 202 2264 ἄρα
224 2181 306 2243 κατὰ
329 2183 390 2265 τὴν
413 2184 584 2266 συμβολὴν
606 2191 665 2266 της
686 2187 753 2246 AA
776 2181 910 2257 εὐθείας
932 2179 989 2245 καὶ
1012 2191 1071 2266 τῆς
1089 2183 1152 2246 ΒΓ

138 2283 244 2363 ὄφεως
265 2287 347 2351 κατὰ
370 2289 407 2352 τὸ
433 2292 469 2351 Ζ.

83 2435 118 2482 20
613 2430 672 2496 tB'.

200 2533 254 2599 'Ev
291 2547 361 2613 τοῖς
393 2536 557 2614 ἐπιπέδοις
590 2537 761 2623 ἐνόπτροις
797 2538 837 2601 τά
870 2535 959 2615 δεξιὰ
992 2537 1147 2623 ἀριστερὰ

136 2643 289 2724 φαίνεται
316 2640 370 2706 καὶ
398 2643 438 2706 τὰ
461 2643 617 2729 ἀριστερὰ
645 2642 735 2722 δεξιὰ
762 2641 817 2709 καὶ
843 2645 881 2708 τὸ
905 2644 1045 2709 είύωλον
1075 2651 1148 2710 ἴσον

134 2755 180 2833 τῷ
204 2746 374 2835 ὁρωμένῳ,
406 2748 521 2814 καὶτὸ
545 2750 715 2834 ἀπόστημα
742 2752 778 2814 τὸ
807 2750 871 2814 ἀπὸ
899 2759 959 2816 τοῦ
984 2750 1146 2836 ἐνόπτρου

135 2858 208 2918 ἴσον
232 2853 331 2918 ἐστίν.

90 3110 101 3135 .
205 3089 229 3136 1.
249 3083 368 3155 κριτη]
387 3087 441 3137 ΑΕ
458 3103 499 3152 m,
528 3088 584 3138 ΛΕ
602 3085 639 3139 Μ.
729 3092 754 3139 ι.
777 3083 919 3157 ὑπέκειτο]
942 3086 1092 3143 ὑπόκειται
1108 3107 1144 3143 m.
1182 3072 1193 3109 0

169 3152 363 3226 φαινομένοις]
384 3153 459 3223 ὐροις
477 3148 520 3210 ms
604 3161 628 3210 5.
652 3157 702 3227 οὐχ
721 3156 821 3223 ὁρᾶται
838 3157 868 3211 τὸ
888 3163 909 3210 A
929 3176 965 3212 m.
1055 3166 1079 3215 6.
1098 3161 1143 3232 τῇ]

131 3232 180 3293 τῆς
198 3225 254 3279 Vv.
313 3225 377 3297 τήν]
397 3243 449 3280 om.
469 3228 507 3282 M.
561 3226 630 3298 ἀπό]
650 3244 704 3281 om.
722 3246 758 3282 m.
815 3235 838 3282 7.
859 3226 905 3282 ἐπί
920 3229 1004 3301 (alt.)]
1024 3229 1056 3286 ἐν
1075 3232 1144 3285 Μαι.

168 3300 191 3348 8.
212 3296 265 3367 ιη’]
284 3297 327 3351 κε’
342 3297 398 3350 Vv.
456 3304 496 3352 12.
519 3299 650 3370 FA]AP
663 3298 701 3367 M,
723 3302 771 3352 ΓΔ
785 3297 859 3368 ὐμμα
874 3297 905 3353 δὲ
920 3300 1046 3356 τύΒω.
1103 3309 1143 3357 14.

132 3366 243 3438 εὐθεῖα]
263 3370 363 3422 εὐθεῖα
381 3369 399 3438 ἡ
414 3373 468 3423 AE
485 3388 521 3424 m.
579 3375 619 3424 15.
639 3369 785 3424 ὐτάιειται
800 3370 830 3425 έν
845 3380 904 3434 τοῖς
918 3369 995 3439 ὅροις
1008 3391 1045 3427 m.
1103 3379 1143 3428 17.

132 3435 288 3526 φαίνεσθαι
306 3439 336 3491 Μ
354 3442 384 3494 et
397 3456 412 3494 e
427 3457 495 3494 corr.
510 3459 546 3495 m.
562 3447 578 3494 2
592 3441 625 3495 V.
680 3442 726 3513 τῇ]
744 3450 793 3510 τῆς
810 3441 933 3497 VMvm.
999 3449 1040 3499 19.
1061 3464 1133 3500 κατα

131 3507 279 3574 ητοικατοί
292 3528 328 3564 m.
383 3517 426 3566 20.
446 3513 504 3583 ιθ’]
523 3512 569 3570 κε’
585 3512 641 3566 Vv.
697 3519 738 3566 22.
759 3511 860 3568 ίθωλον
874 3514 907 3568 V.
964 3519 1007 3569 23.
1026 3514 1059 3570 τί
1071 3520 1131 3587 (pr.)

72 3660 148 3704 h.
