2424 3944
156 172 221 236 184
364 174 573 228 οαειοοαοιτ
591 174 768 227 mommo
789 174 954 228 motus,

154 318 312 384 άπτονται
335 319 373 383 αι’
388 323 463 402 ΔΛ,
477 323 555 382 ΔΝ
572 325 631 401 τῆς
653 321 806 403 σφαίρας.
829 319 867 382 αί
885 319 950 403 άρα
973 317 1121 384 ἀπὸτοῦ
1134 326 1168 385 Δ

154 427 298 509 ὄμματος
328 428 592 511 προσπίπτουσαι
623 423 752 500 ἀκτῖνες
787 425 869 488 κατά
900 425 958 500 τάς
987 429 1070 509 ΔΛ,
1093 431 1171 492 ΔΝ

153 540 340 597 πεσοῦνται.
397 531 498 596 πάλιν
528 531 569 614 θῆ
598 533 837 614 μετακινείσθω
864 531 902 594 τὸ
929 536 963 595 Δ
994 532 1086 615 ὄμμα
1114 529 1166 596 ἐπὶ

153 639 190 702 τὸ
214 643 254 721 P,
281 635 336 702 καὶ
363 635 438 723 περὶ
465 639 526 721 τῆν
549 639 614 700 ΡΚ
638 636 758 713 κύκλος
784 636 982 723 χεχράφθω,
1009 635 1067 701 καὶ
1095 635 1165 702 ύτιε-

117 759 134 807 5
155 746 345 828 ζεύχθωσαν
363 745 401 808 αί
416 748 489 826 ΡΖ,
508 746 582 826 ΖΚ,
602 747 677 826 ΡΣ,
696 746 775 807 ΣΚ.
812 743 936 808 οὐκοῦν
955 743 992 807 αί
1008 747 1084 827 ΡΖ,
1102 747 1169 808 ΡΣ

153 848 232 915 καθ’
248 850 285 914 ἓν
304 849 506 934 ἐφάπτονται
525 858 583 931 τῆς
601 852 753 935 σφαίρας.
793 846 849 915 καὶ
867 850 905 914 αἳ
920 873 958 933 χε
976 848 1041 915 άπὸ
1059 859 1122 915 τοῦ
1141 853 1169 914 Ρ

153 958 297 1040 ὄμματος
315 955 444 1031 ἀκτῖνες
462 958 728 1041 προσπίπτουσαι
750 957 833 1020 κατὰ
852 956 911 1032 τάς
927 960 1001 1039 ΡΖ,
1020 961 1092 1020 ΡΣ
1111 978 1164 1021 πε-

153 1070 300 1127 σοῦνται.
341 1063 423 1127 ὥστε
446 1062 563 1146 ὁρᾶται
584 1062 649 1126 ὑπὸ
673 1058 734 1146 μὲν
755 1071 814 1145 τῆς
835 1067 866 1126 Ρ
884 1064 1008 1145 γωνίας
1030 1064 1068 1128 τὸ
1091 1067 1163 1146 ΖΣ,

151 1167 216 1232 ὑπὸ
238 1164 276 1232 δὲ
297 1173 407 1251 τῆςΛ
429 1169 466 1232 τὸ
489 1171 608 1233 ΝΖΛ·
641 1170 751 1251 μεῖζον
774 1164 811 1232 δὲ
833 1170 870 1233 τὸ
889 1173 995 1234 ΝΖΛ
1018 1177 1080 1234 τοῦ
1101 1173 1166 1233 ΖΣ

100 1288 133 1337 10
152 1273 251 1340 ἐστιν.
305 1276 459 1359 φαίνεται
490 1269 527 1338 δὲ
559 1275 707 1338 ἔλαττον·
739 1277 857 1358 μείζων
884 1275 946 1362 γάρ
975 1274 1068 1341 ἐστιν
1095 1275 1166 1360 ἤΡ

152 1383 257 1464 χωνία
279 1389 337 1464 τῆς
354 1385 387 1444 Δ
410 1383 543 1463 γωνίας,
561 1380 602 1444 τά
625 1376 663 1444 δὲ
684 1380 750 1445 ὑπὸ
772 1384 920 1465 μείζονος
937 1385 1062 1465 γωνίας
1081 1383 1160 1468 ὁρώ-

151 1510 234 1571 μενα
259 1489 391 1571 μείζονα
418 1490 580 1571 φαίνεται.
630 1489 740 1570 μεῖζον
768 1489 832 1573 άρα
854 1491 1009 1573 φαίνεται
1035 1491 1073 1554 τὸ
1099 1491 1162 1553 ΖΣ

151 1602 212 1659 τοῦ
235 1598 273 1658 Ν
276 1596 355 1676 ΖΛ,
378 1596 447 1658 ἔστι
470 1589 507 1658 δὲ
530 1595 674 1658 ἔλαττον.

629 1846 687 1888 κε.

100 1961 132 2008 15
219 1951 376 2033 Σφαίρας
403 1949 459 2012 διά
485 1959 553 2013 τῶν
576 1949 638 2012 δύο
665 1948 821 2033 ὀμμάτων
843 1947 1027 2034 ὁρωμένης,
1059 1946 1156 2030 ἐάνῆ

152 2053 326 2139 διάμετρος
352 2061 411 2138 τῆς
437 2057 582 2140 σφαίρας
605 2062 659 2138 ἴση
685 2049 707 2141 ᾖ
729 2065 769 2140 τῇ
792 2056 908 2142 εὐθείᾳ
934 2063 975 2140 τῆ
1002 2056 1156 2139 διεστύσχ

152 2158 215 2224 άπὸ
239 2171 306 2224 τῶν
329 2159 499 2244 ὀμμάτων,
521 2159 740 2247 ἡμισφαίριον
763 2161 864 2246 αὐτῆς
886 2161 1084 2245 ὀφθήσεται.

218 2267 299 2331 ἔστω
327 2267 391 2352 γάρ
419 2278 559 2353 σφαῖρα,
590 2262 630 2350 ἤς
658 2268 831 2353 διάμετρος
857 2251 982 2352 ἤΒΓ,
1016 2268 1072 2334 καὶ
1099 2269 1156 2334 άπὸ

150 2383 218 2437 τῶν
240 2376 280 2456 Β,
304 2375 337 2437 Γ
358 2374 518 2456 ἤχθωσαν
540 2375 623 2460 πρὸς
645 2373 752 2460 ὀρθάς
774 2375 811 2438 αί
832 2378 905 2458 ΒΖ,
921 2377 995 2459 ΓΛ,
1019 2372 1075 2440 καὶ
1098 2375 1155 2440 άπὸ

97 2491 132 2540 20
150 2487 210 2543 τοῦ
231 2483 258 2543 Ζ
280 2481 375 2564 ἤχθω
398 2481 488 2566 παρά
510 2483 572 2565 τὴν
590 2479 691 2564 ΒΓῆ
706 2485 781 2564 ΖΛ,
802 2479 859 2545 καὶ
876 2484 1000 2546 κείσθω
1020 2482 1058 2547 ἓν
1076 2484 1157 2568 ὄμμα

151 2583 204 2650 ἐπὶ
230 2595 291 2651 τοῦ
315 2591 357 2671 Ζ,
388 2588 425 2652 τὸ
454 2583 491 2651 δὲ
517 2585 630 2673 ἕτερον
657 2585 711 2652 ἐπὶ
733 2596 793 2652 τοῦ
817 2590 862 2671 Λ,
896 2586 959 2652 άπὸ
983 2585 1021 2653 δὲ
1043 2597 1104 2653 τοῦ
1125 2592 1155 2652 Δ

151 2693 289 2777 κέντρου
321 2694 416 2776 ἤχθω
447 2694 537 2779 παρά
568 2694 629 2776 τῆν
663 2698 725 2758 ΒΖ
758 2692 778 2776 ἤ
809 2696 889 2758 ΔΚ.
947 2693 1073 2759 οὐκοῦν
1105 2693 1158 2759 ἐὰν

150 2799 313 2881 μενούσης
343 2809 401 2883 τῆς
428 2802 502 2864 ΛΚ
530 2801 567 2864 τὸ
599 2803 669 2864 ΒΚ
697 2801 1041 2885 παραλληλόγραμμον
1071 2822 1157 2887 περι-

151 2900 287 2987 ενεχθὲν
310 2906 358 2981 είς
374 2906 412 2969 τὸ
431 2905 512 2970 αὐτὸ
530 2905 632 2970 πάλιν
649 2905 915 2990 ἀποκατασταθῇ,
938 2905 1021 2971 ὅθεν
1041 2905 1157 2992 ἤρξατο

97 3021 132 3071 25
151 3008 328 3095 φέρεσθαι,
355 3012 392 3076 τὸ
414 3008 619 3097 περιγραφὲν
644 3012 710 3077 ὑπὸ
737 3019 795 3096 τῆς
817 3015 880 3074 ΒΔ
908 3020 1015 3095 σχῆμα
1042 3014 1158 3089 κύκλος

150 3118 251 3200 ἔσται,
274 3116 311 3193 ὄς
328 3141 366 3200 χε
388 3118 445 3182 διά
466 3126 526 3183 τοῦ
549 3116 688 3205 κέντρου
712 3115 781 3183 ἐστὶ
802 3126 860 3200 τῆς
882 3120 1038 3204 σφαίρας.
1079 3120 1157 3185 ὥστε

221 3314 246 3364 4,
269 3310 421 3382 PK]Pp‚
441 3314 536 3365 KPv.
628 3315 652 3366 8.
673 3308 851 3434 dpffiinras.
871 3309 996 3364 m.1V.
1086 3311 1157 3368 9.τό

151 3383 184 3434 Ν
188 3384 239 3435 ΖΛ
253 3382 326 3453 (pr.)]
344 3381 394 3436 τὸν
415 3385 466 3436 ΖΑ
484 3399 515 3450 v;
533 3381 565 3436 τὸ
583 3384 649 3451 ΝΖ,
668 3383 704 3435 ad
727 3425 732 3436 .
753 3384 807 3434 ΣΛ
825 3398 861 3434 m.
876 3387 901 3449 2,
920 3398 947 3449 p,
1022 3381 1055 3437 τὸ
1073 3385 1107 3438 Ν
1112 3387 1157 3437 ΖΛ

73 3476 81 3483 ·
106 3512 110 3519 ,
160 3450 234 3523 alm]
262 3452 312 3507 τὸν
337 3456 388 3507 ΖΛ
411 3471 441 3522 τ,
469 3452 500 3506 τὸ
525 3455 625 3523 ΝΖΛ,
654 3470 737 3522 supra
761 3451 825 3506 add.
846 3453 874 3504 Σ
893 3468 928 3505 m.
949 3457 979 3521 2,
1007 3470 1036 3522 p.
1118 3461 1157 3508 10.

71 3454 224 3712 Qu
238 3523 312 3594 (pr.)]
331 3522 388 3578 ἐστι
405 3541 432 3594 p.
505 3525 598 3592 μεῖζον
616 3542 642 3579 v.
716 3524 753 3595 P]
773 3539 787 3576 e
807 3538 874 3576 corr.
894 3539 921 3590 p.
997 3528 1040 3579 13.
1061 3527 1094 3579 N
1098 3525 1157 3595 ΖΔ]
