2424 3944
131 171 195 235 154
338 172 547 225 οετιοοωοιι
565 172 744 223 mommo
764 171 933 224 νοοοαιε.

128 317 209 382 ὅταν
223 323 302 400 ίσαι,
320 317 358 381 τὸ
373 313 410 381 ὁὸ
424 319 574 399 ἔλασσον,
594 316 675 380 ὅταν
690 313 866 391 ἐλάσσονες
879 317 1061 398 γίγνωνται
1077 328 1145 382 τῶν

129 422 238 502 ὄψεων
261 415 334 488 οἷον
357 425 475 507 γωνίαι
497 418 585 499 τινὲς
607 423 690 508 πρὸς
712 431 758 509 τῷ
783 419 913 505 ὄμματι.

572 655 696 751 Ὅροι.

195 813 237 878 α’.
269 813 475 878 Ὑποκείσὸω
503 813 562 891 τὰς
589 812 652 877 ἀπὸ
684 821 745 877 τοῦ
773 813 917 897 ὄμματος
945 810 1040 891 ὄψεις
1071 810 1141 877 κατ’

92 938 107 988 5
127 921 260 997 εὐθείας
287 923 437 1006 γραμμὰς
465 919 629 1006 φέρεσθαι
653 919 816 1004 ὁιοίστημιί
839 943 871 983 τι
899 920 1062 996 ποιούσας
1086 917 1141 985 ἀπ’

130 1027 290 1110 ἀλλήλων.

194 1151 238 1236 β’.
265 1151 320 1217 καὶ
338 1155 375 1218 τὸ
394 1149 455 1237 μὲν
473 1153 538 1217 ὑπὸ
561 1163 629 1217 τῶν
646 1155 755 1230 ὄψεων
777 1155 1012 1237 περιεχόμενον
1036 1160 1142 1236 σχῆμα

126 1254 212 1324 εἶναι
232 1270 342 1325 κῶνον
365 1262 426 1344 τὴν
444 1261 599 1344 κορυφὴν
621 1256 682 1344 μὲν
701 1262 817 1344 ἔχοντα
839 1260 923 1344 πρὸς
945 1267 991 1346 τῷ
1011 1259 1141 1342 ὄμματι,

127 1368 188 1451 τὴν
210 1363 247 1430 ὁὸ
269 1366 369 1450 βάσιν
391 1368 474 1452 πρὸς
497 1378 566 1444 τοῖς
587 1364 705 1451 πέρασι
731 1376 798 1430 τών
822 1364 1009 1451 ὁρωμένων.

76 1505 108 1555 10
194 1489 237 1574 γ’.
274 1489 329 1555 καὶ
357 1490 501 1576 ὁρᾶσθαι
528 1486 588 1574 μὲν
615 1498 733 1573 ταῦτα,
762 1490 846 1574 πρὸς
874 1489 894 1554 ὁ
923 1489 964 1554 ὄν
988 1491 1026 1555 αί
1047 1492 1138 1569 ὄψεις

126 1602 391 1684 προσπίπτωσιν,
419 1600 462 1683 μὴ
492 1597 636 1684 ὁρᾶσθαι
664 1595 716 1681 δέ,
742 1598 826 1682 πρὸς
853 1597 874 1662 ὁ
902 1596 944 1662 ὄν
967 1599 1011 1682 μὴ
1040 1614 1139 1683 προσ-

125 1709 290 1770 πίπτωσιν
313 1707 350 1769 αί
370 1707 470 1783 ὄψεις.

193 1828 236 1894 δ’.
268 1827 323 1893 καὶ
346 1831 387 1894 τὰ
410 1826 470 1913 μὲν
493 1829 557 1894 ὑπὸ
580 1831 728 1913 μείζονος
750 1830 874 1910 γωνίας
897 1826 1050 1913 ὁρώμενα
1073 1831 1138 1913 μεί-

127 1939 203 2014 ζονα
223 1938 414 2020 φαίνεσθαι,
435 1937 475 2000 τὰ
495 1932 531 1999 ὁὸ
549 1935 614 2000 ὑπὸ
634 1934 812 2010 ἐλάσσονος
830 1933 1004 2018 ἐλάσσονα,
1030 1941 1087 2000 ίσα
1105 1931 1138 2000 ὁὸ

74 2056 106 2104 15
125 2044 165 2106 τὰ
187 2042 252 2107 ὑπὸ
277 2048 359 2106 ίσων
382 2052 514 2124 γωνιῶν
538 2041 696 2126 ὁρώμενα.

191 2164 229 2230 ε’.
261 2164 315 2230 καὶ
334 2167 374 2230 τὰ
393 2162 454 2250 μὲν
472 2166 537 2231 ὑπὸ
556 2163 805 2252 μετεωροτέρων
824 2165 968 2231 ιἰκτίνων
987 2145 1137 2252 ὁρώμενα

124 2275 345 2360 μετεωρότερα
369 2275 564 2357 φαίνεσθαι,
592 2275 633 2338 τὰ
660 2271 697 2338 ὁὸ
724 2273 789 2339 ὑπὸ
817 2273 1062 2360 ταπεινοτέρων
1085 2299 1136 2340 τα-

123 2383 304 2465 πεινόιερα.

192 2503 232 2575 ς’.
269 2503 324 2569 καὶ
352 2504 474 2589 ὁμοίως
505 2506 545 2569 τίι
576 2502 637 2590 μὲν
669 2505 734 2570 ὑπὸ
763 2504 965 2592 ὁεξιωτίρων
994 2507 1136 2575 ἀκτίνων

71 2623 106 2672 20
125 2611 275 2698 ὁρώμενα
299 2610 473 2698 δεξιώτερα
496 2615 688 2696 φαίνεσθαι,
711 2612 752 2677 τὰ
775 2609 812 2677 ὁὸ
835 2613 899 2678 ὑπὸ
924 2612 1136 2702 ἀριστερωτέ-

127 2742 196 2804 ρων
219 2715 467 2803 ἀριστερώτερα.

193 2841 230 2921 ζ’.
258 2843 298 2907 τὰ
317 2839 354 2907 ὁὸ
371 2843 436 2907 ὑπὸ
455 2847 619 2909 πλειόνων
638 2855 769 2927 γωνιῶν
788 2844 938 2931 ὁρώμενα
953 2846 1138 2934 ἀκριβέστε-

127 2973 189 3034 ρον
208 2951 399 3033 φαίνεσθαι.

197 3253 221 3300 2.
242 3246 309 3302 οἵων
327 3266 353 3316 v,
373 3247 423 3301 sed
442 3264 511 3302 corr.
587 3254 611 3302 3.
632 3247 704 3321 ὅροι]
723 3267 778 3319 mg.
798 3269 834 3304 m.
855 3256 869 3302 1
890 3251 927 3318 V3
948 3249 1010 3319 ὄροι
1029 3248 1136 3307 ὀπτιιοί

125 3318 177 3373 ins.
196 3336 231 3372 m.
251 3325 267 3372 2
286 3337 317 3387 p;
348 3319 481 3375 ἐντεῦθεν
501 3319 528 3374 οἱ
548 3317 609 3389 ὄροι
629 3329 685 3375 τῶν
705 3320 860 3376 Εὐκλείδου
879 3321 1003 3378 ὁπτιιιῶν
1026 3341 1082 3394 mg.
1101 3341 1134 3376 m.

125 3406 178 3443 rec.
197 3407 223 3444 v.
260 3406 390 3444 numeros
410 3407 462 3444 om.
478 3391 504 3445 V
532 3409 557 3446 v.
631 3397 655 3446 8.
675 3397 712 3446 τῶ
745 3409 812 3448 corr.
834 3409 867 3447 ex
886 3392 917 3448 τί
936 3412 971 3448 m.
988 3400 1004 3447 2
1024 3413 1050 3448 v.
1112 3399 1134 3447 9.

125 3458 243 3528 πέρασιν
261 3461 317 3516 Vv.
392 3467 433 3515 10.
453 3461 484 3516 αἱ
503 3409 594 3534 ὄψεις]
613 3479 667 3517 rae.
684 3393 773 3518 ὄόίὸὁ.
794 3482 818 3518 v.
898 3471 939 3519 11.
959 3463 1135 3533 προσπίπτω·

125 3548 169 3586 σιν
184 3532 261 3602 (pr.)]
285 3550 370 3586 -ιττω-
394 3550 478 3601 supra
503 3551 553 3588 scr.
578 3552 613 3588 m.
635 3541 649 3587 1
674 3553 704 3601 v;
732 3538 879 3604 praeterea
907 3553 991 3605 supra
1018 3538 1084 3593 add.
1107 3539 1135 3610 μς
