2424 3944
155 140 217 204 146
363 142 572 194 OPTICORUM
591 141 768 192 REGENSIO
787 142 954 194 THEONIS.

154 285 213 362 τὰς
240 285 343 362 σκιολς.
390 289 519 370 μείζους
546 281 583 349 δὲ
610 295 677 350 τῶν
705 284 866 369 σωμάτων
894 286 931 350 αί
956 287 1050 349 σκιαί
1070 287 1166 369 εἰσιν,

152 392 234 456 ὅταν
256 393 296 456 τα
316 396 498 476 φωτίζοντα
521 393 611 477 πυρὰ
630 391 792 456 ε’λολσσονα
810 386 844 477 ᾗ
869 413 887 454 τ

152 497 287 575 ἀκτῖνας
311 497 363 563 ἐπὶ
384 499 512 562 τούτων
535 496 758 575 ε’ξαπλούσθαι
782 501 956 582 συμβαίνει
980 496 1036 562 καλ
1055 500 1164 582 μεῖζον

151 607 188 671 τὸ
213 608 425 688 σκιαζόμενον
443 602 542 689 μέρος
561 604 742 669 ἀποτελεῖν·
768 603 926 669 οὐδέποτε
950 602 983 667 δ’
1003 602 1046 668 ὐν
1065 612 1163 668 τοῦτο

116 721 133 768 5
153 710 358 795 συνέβαινεν,
381 712 412 774 εί
428 710 472 794 μή
491 712 529 775 αλ
545 709 608 775 ἀπὸ
628 719 688 774 τοῦ
711 711 817 796 πυρὸς
835 713 1016 796 φερόμεναι
1036 710 1163 786 ἀκτῖνες

152 817 200 884 ἐπ’
223 819 355 893 εὐθείας
377 815 544 903 ἐφέροντο.
583 815 806 901 ἐκφανέστατα
826 813 862 881 δὲ
881 818 1009 882 τούτων
1028 817 1163 881 πάντων

151 934 248 989 τοῦτο
277 921 329 988 ἐπὶ
357 934 425 987 τῶν
449 935 718 999 κατασκευαστῶς
745 921 930 1008 γινομένων
957 929 1161 1008 θεωρεῖσθαι

151 1033 334 1115 συμβαίνει.
395 1031 519 1113 λύχνου
551 1031 614 1115 γὰρ
648 1028 910 1112 όπωσύηποτούν
946 1029 1102 1114 κειμένου
1134 1030 1163 1094 εί

150 1142 348 1223 προστεθείη
372 1137 477 1223 τούτῳ
499 1140 638 1220 πτυχίον
657 1139 732 1220 ἔχον
751 1135 910 1221 ἐπιτομήν
929 1142 1051 1201 λεπτοῦ
1069 1158 1160 1221 πριο-

97 1258 131 1306 10
150 1249 240 1328 υίου,
268 1245 350 1308 ὥστε
373 1241 428 1307 καὶ
451 1244 511 1326 τήν
535 1242 693 1327 ἐπιτομήν
720 1244 802 1307 κατὰ
825 1242 927 1328 μέσον
953 1252 1013 1308 τοῦ
1038 1244 1160 1328 λύχνου

149 1355 290 1434 πίπτειν,
309 1360 354 1438 τῷ
370 1346 407 1414 δὲ
425 1354 551 1438 πτυχίφ
571 1351 676 1437 τούτῳ
696 1350 778 1414 κατὰ
792 1350 832 1414 τὰ
846 1348 940 1434 ἕτερα
958 1348 1041 1435 μέρη
1059 1372 1160 1435 παρα-

149 1462 261 1541 τεθείη
284 1462 424 1541 κτυχίον
448 1460 573 1540 ἔγγιον,
604 1449 631 1545 ιβ
654 1469 886 1543 προσπεσεῖται
909 1457 929 1540 ή
953 1457 1039 1540 αὐγὴ
1062 1455 1083 1540 ἡ
1108 1455 1160 1521 ὐιιῖ

149 1574 208 1648 τῆς
244 1563 381 1648 έντομής
413 1563 592 1650 φερομένη,
628 1563 761 1640 πολντως
796 1565 857 1647 τήν
889 1566 1159 1649 προσπίπτουσαν

150 1672 257 1756 αὐγήν
299 1680 343 1760 τςό
380 1675 505 1758 πτυχίφ
543 1671 691 1746 εὐθείαις
727 1682 890 1756 γραμμαῖς
926 1668 1160 1756 περιεχομένην

98 1790 131 1839 15
151 1778 333 1863 εὑρήσομεν
364 1775 420 1842 καὶ
447 1779 508 1861 τήν
536 1776 814 1858 έπιζευγνύουσαν
846 1778 884 1840 τό
911 1799 945 1840 τε
973 1774 1076 1860 μέσον
1103 1783 1159 1840 τοῦ

151 1885 275 1968 λύχνου
298 1882 353 1948 καί
376 1885 437 1967 τήν
461 1883 601 1967 ἐντομήν
624 1892 684 1947 τοῦ
707 1887 848 1967 πτυχίου
871 1883 953 1946 κατὰ
976 1883 1039 1966 τήν
1059 1883 1160 1966 αὐτήν

150 1991 287 2055 εὐθεῖαν
311 1986 424 2055 οὐσαν.

218 2095 377 2182 ἐναργοῦς
398 2093 460 2162 οὐν
483 2094 579 2173 ὄντος
597 2106 667 2181 τοῦ,
690 2097 740 2161 ὅτι
759 2106 826 2161 πᾶν
845 2107 918 2180 φῶς
935 2094 1006 2160 κατ’
1026 2097 1159 2161 εὐθεῖαν

150 2205 303 2287 γραμμήν
326 2202 475 2289 φέρεται,
502 2202 558 2268 καὶ
580 2213 660 2268 πᾶσι
682 2206 852 2290 προδήλου
875 2205 1088 2286 μεταβαίνειν
1111 2200 1159 2268 ε’πλ

97 2320 132 2369 20
150 2312 211 2393 τήν
235 2308 314 2387 όήιιν
337 2308 431 2392 ήξίου
455 2308 510 2374 καὶ
533 2312 591 2387 τοῖς
614 2309 670 2374 ἀπ’
692 2311 793 2394 αὐτῆς
818 2307 1008 2394 ἐκχεομένας
1028 2310 1160 2386 ἀκτῖνας

149 2415 204 2481 καλ
223 2417 395 2502 ὁμολογεῖν
414 2416 485 2482 κατ’
507 2418 640 2494 εὐθείας
658 2415 821 2504 φέρεσθαι
840 2418 991 2502 γραμμὰς
1009 2415 1066 2482 καλ
1085 2417 1158 2482 ταύ

150 2547 208 2600 τας
231 2523 268 2589 ἐν
291 2527 502 2609 διαστήμασι,
534 2522 590 2588 καὶ
621 2525 678 2588 διὰ
710 2533 807 2589 τούτο
835 2519 918 2608 μηδὲ
945 2524 985 2587 τὰ
1010 2523 1158 2608 ὁρώμενα

150 2631 216 2714 ἅμα
234 2631 295 2696 ὐλα
313 2632 467 2719 ὁρᾶσθαι,
485 2632 674 2715 ὑπόμνησιν
688 2629 800 2717 φέρων
814 2631 985 2712 τοιαύτην·
1004 2630 1160 2705 πολλάκις

149 2736 212 2822 γὰρ
240 2740 377 2820 βελόνης
408 2740 429 2820 ή
456 2762 546 2814 τινος
578 2739 731 2802 τοιούτου
765 2734 877 2824 ἑτέρου
910 2740 1080 2821 σωματίου
1113 2736 1158 2802 έκ-

97 2851 132 2900 25
152 2841 306 2928 ριφέντος
334 2847 380 2919 εἰς
406 2846 443 2909 τὸ
468 2845 590 2929 ἔδαφος
616 2847 868 2929 φιλοτιμότερόν
891 2867 979 2920 τινες
1000 2842 1158 2930 προσεκί-

148 2954 253 3012 θισαν
275 2959 314 3034 νή
339 2951 465 3032 ζητήσει
492 2947 628 3014 καὶτὸν
652 2950 754 3014 αὐτὸν
776 2952 880 3015 τόπον
902 2950 1062 3027 πολλάκις
1086 2950 1156 3035 έμολ-

149 3071 270 3119 τευσαν
285 3055 422 3131 οὐθενὸς
437 3054 722 3139 έπιπροσθούντος
735 3065 780 3143 τῷ
792 3054 977 3143 ζητουμένῳ
992 3060 1156 3143 σωματίφ·

221 3289 245 3336 2.
266 3281 426 3352 φωτίζοντα
440 3283 473 3351 V,
494 3284 543 3337 sed
561 3300 630 3337 corr.
704 3289 728 3337 5.
749 3281 912 3355 συμβαίνειν
930 3302 957 3353 p.
1021 3283 1072 3357 μηΊ
1092 3301 1156 3339 corr.

150 3370 184 3406 ex
203 3352 233 3421 μί
251 3372 276 3408 v.
368 3360 391 3409 9.
413 3353 482 3424 ἔχων
501 3372 527 3423 ν,
547 3355 596 3408 sed
615 3371 682 3409 corr.
770 3361 811 3408 11.
831 3352 955 3426 πίπτειν]
975 3376 992 3409 ν
1011 3355 1042 3408 in
1060 3373 1114 3410 ras.
1132 3372 1155 3423 v,

148 3424 214 3477 add.
233 3443 269 3479 m.
288 3442 341 3479 τεο.
361 3426 394 3479 V.
475 3431 516 3479 12.
536 3423 665 3497 πτνχλον]
685 3443 768 3495 supra
788 3442 838 3479 scr.
858 3423 977 3480 πυκτλον
996 3444 1033 3484 m.
1052 3443 1107 3481 ree.
1125 3425 1155 3480 V.

188 3494 295 3564 ἔγγειον
304 3497 337 3566 V,
354 3514 421 3550 corr.
432 3514 467 3549 m.
478 3513 532 3551 rec.
589 3503 629 3551 13.
649 3495 755 3559 πόντος
768 3515 794 3566 v,
810 3513 877 3552 corr.
888 3514 924 3550 m.
936 3503 960 3551 2.
1018 3504 1060 3554 16.
1076 3495 1156 3568 κακοί]
