2424 3944
280 141 491 193 orriconuu
508 141 687 196 recursio
705 144 871 198 ruamus.
1018 143 1082 210 161

65 290 96 350 Β
103 288 138 349 Γ.
176 305 253 370 ergo
272 283 512 371 magnitudines
533 285 682 370 aequales
702 288 878 352 secundum
896 287 1080 372 proportio-

65 415 143 458 nem
169 392 398 457 distantiarum
420 414 488 456 non
511 397 696 458 cernuntur.

565 571 594 636 9.

133 676 374 763 Magnitudines
393 677 610 762 rectangulae,
633 699 714 761 quae
734 699 751 742 e
771 678 929 743 distantia
947 700 1082 744 cernun-

64 789 128 868 tur,
152 784 313 848 rotundae
340 785 503 868 adparent.

133 891 177 956 sit
200 890 286 956 enim
308 893 378 955 ΒΓ
394 890 619 976 rectangulum
642 895 676 956 et
699 914 716 956 e
740 891 897 956 distantia
921 897 1081 958 cernatur.

61 998 174 1083 itaque
191 1019 265 1063 cum
280 997 398 1083 omnia,
416 1019 497 1081 quae
516 1002 699 1082 cernuntur,
718 998 958 1083 longitudinem
976 1020 1075 1082 quan-

61 1105 139 1168 dam
158 1103 331 1168 distantiae
350 1103 503 1189 habeant,
524 1104 581 1168 ubi
606 1126 680 1169 cum
698 1103 807 1188 posita
830 1105 905 1189 sint,
926 1127 994 1169 non
1009 1105 1076 1170 iam

61 1214 245 1295 cernantur,
268 1210 406 1296 angulus
422 1213 455 1274 Γ
466 1231 533 1274 non
552 1210 702 1294 cernitur,
725 1215 847 1294 puncta
866 1215 975 1276 autem
990 1218 1032 1296 A,
1048 1216 1076 1276 Z

61 1317 134 1382 sola
153 1317 317 1400 adparent.
350 1321 383 1382 et
401 1317 514 1381 eodem
533 1317 628 1381 modo
649 1317 749 1381 etiam
766 1316 802 1381 in
816 1318 931 1382 ceteris
946 1318 1075 1404 angulis

59 1423 125 1489 hoc
149 1423 284 1488 eueniet.
323 1445 401 1510 ergo
425 1428 496 1488 tota
519 1423 710 1509 magnitudo
733 1423 874 1488 rotunda
898 1422 1074 1507 adparebit.

552 1602 600 1666 10.

132 1707 309 1773 Planorum
335 1707 421 1772 infra
448 1706 579 1772 oculum
603 1705 787 1791 positorum
814 1711 924 1791 partes
952 1708 1082 1794 longin-

63 1816 197 1902 quiores
221 1815 426 1880 sublimiores
451 1814 662 1898 adparebunt.

614 1922 657 1986 sit
680 1920 766 1985 enim
789 1924 818 1984 Β
846 1921 959 1985 oculus
983 1943 1082 2005 supra

544 2029 677 2111 planum
703 2030 770 2091 ΓΚ
793 2027 936 2112 positus,
967 2050 986 2092 a
1014 2050 1078 2112 quo

542 2133 627 2226 rad'q‘
648 2134 797 2199 adcidant
820 2137 892 2219 ΒΓ,
910 2138 983 2220 ΒΔ,
1006 2139 1079 2222 ΒΖ,

541 2244 616 2326 ΒΚ,
639 2262 776 2325 quorum
795 2244 864 2305 ΒΚ
884 2243 1077 2327 adplenum

541 2348 710 2413 subiacens
730 2348 1003 2432 perpendicularis
1023 2350 1076 2414 sit.

541 2454 625 2538 dico,
649 2456 711 2519 ΓΛ
730 2454 901 2520 sublimius
921 2455 1074 2539 adparere

541 2582 638 2644 quam
656 2566 690 2626 A
697 2565 724 2624 Z
743 2564 776 2625 et
795 2566 828 2624 A
835 2565 862 2624 Z
884 2582 981 2644 quam
1001 2564 1073 2625 ZK.

540 2672 687 2731 sumatur
733 2666 767 2730 in
810 2670 880 2730 ΖΚ
917 2672 1075 2751 punctum

540 2771 671 2856 aliquod
686 2777 725 2858 Ε,
748 2778 781 2838 et
798 2774 1074 2858 perpendicularis

540 2879 676 2944 ducatur
711 2884 792 2944 ΕΗ.
851 2885 884 2944 et
921 2880 1075 2965 quoniam

52 2980 140 3047 radii
168 2982 209 3046 ad
232 2986 304 3048 HE
333 2982 423 3068 prius
452 2984 604 3050 adcidunt
637 3009 735 3071 quam
763 2987 803 3051 ad
830 2990 906 3069 EF,
939 2987 978 3051 ad
1002 2991 1075 3051 HE

52 3088 187 3154 adridat
205 3092 274 3154 ΒΓ
291 3089 327 3154 in
348 3096 472 3173 puncto
491 3096 538 3176 Η,
569 3096 632 3156 ΒΛ
653 3092 689 3157 in
708 3098 752 3179 A,
775 3097 838 3158 ΒΖ
860 3093 896 3157 in
914 3097 961 3157 M.
1007 3092 1073 3158 iam

66 2796 502 2899 irrina

53 3301 137 3352 -p.
157 3288 221 3352 168,
241 3288 265 3339 8.
286 3281 435 3355 φαίνεται]
463 3283 493 3337 in
515 3301 569 3340 ras.
593 3304 630 3340 m.
651 3286 751 3341 recV
774 3286 942 3355 (fuit...a
965 3289 1071 3342 οὐκοῦν

50 3363 110 3409 τῶν
125 3353 246 3409 ἀπὸτοῦ
263 3398 268 3408 .
284 3353 406 3424 ὄμματος
420 3355 490 3422 πρὸς
503 3356 534 3410 τὸ
550 3400 555 3410 .
569 3401 574 3410 .
590 3354 724 3412 ἐπίπεδον
738 3367 971 3425 προσπιπτουσῶν
987 3362 1071 3427 ......)

89 3420 132 3481 ὧν
156 3455 189 3466 -
212 3443 239 3494 p.
265 3431 328 3495 168,
353 3433 377 3482 a.
404 3427 474 3497 KZ]
507 3443 560 3482 om.
585 3446 609 3482 v.
706 3435 747 3482 ee.
779 3430 931 3556 ziquz
958 3429 988 3483 in
1016 3429 1070 3484 lac.

49 3515 89 3551 m.
110 3503 127 3551 2
147 3514 174 3567 p.
247 3503 289 3551 23.
310 3495 375 3570 γάρ]
395 3515 447 3552 om.
467 3515 493 3567 p.
567 3504 609 3554 24.
628 3499 659 3571 ἡ]
679 3508 712 3572 τῇ
734 3501 820 3571 ΖΚὴ
867 3546 873 3556 .
