2424 3944
126 165 191 230 326
519 166 751 219 ΟΑΤΟΡΤΒΙΟΔ.

193 313 275 376 ἔστω
294 311 418 396 κυρτὸν
437 313 599 396 ἔνοπτρον
617 311 654 374 τὸ
674 316 706 374 Α
712 312 750 392 Γ,
768 311 856 394 ὄμμα
875 306 912 374 δὲ
930 310 968 374 τὸ
986 313 1028 392 Ε,
1051 311 1139 385 ὄψεις

126 415 163 482 δὲ
187 417 415 501 ἀνακλώμεναι
439 419 476 480 αί
496 421 577 499 EA,
596 418 664 480 ΕΓ
687 414 740 480 ἐπὶ
766 417 807 481 τὰ
829 423 877 499 A,
896 420 940 499 B,
968 416 989 500 ἡ
1019 412 1055 480 δὲ
1079 419 1140 479 ΖΒ

127 521 341 608 ἀνακλωμένη
365 521 410 587 δι’
431 521 551 606 ἑαυτῆς
573 520 626 586 ἐπὶ
648 523 686 587 τὸ
709 527 746 586 Ε.
794 522 918 586 οὐκοῦν
940 533 1010 587 τῶν
1033 525 1138 600 ὄψεων

126 629 275 714 με’γισται
304 628 364 714 μέν
387 631 450 694 είσι
478 638 523 717 τῷ
547 631 640 713 μήκει
669 630 706 693 αί
725 629 942 715 πορρωτάτω,
974 627 1138 713 ἐλάχισται

91 735 163 801 5δέ
191 739 228 801 αί
251 738 333 802 κατὰ
361 735 477 820 μέσον,
509 737 618 822 ὥσπερ
646 735 666 818 ἡ
690 740 761 800 ΕΖ.
807 740 961 820 φαίνεται
988 738 1055 822 άρα
1082 745 1137 800 τοῦ

125 842 287 929 ἐνόπτρου
316 845 428 924 ἔγγιον
454 846 581 926 μᾶλλον
608 843 645 907 τὸ
673 846 716 925 Ε,
753 843 954 928 πορρωτάτω
983 840 1020 907 ὃέ
1047 844 1085 908 τὸ
1112 847 1137 906 Β

124 948 180 1013 καὶ
203 951 240 1013 τὸ
263 954 305 1013 A.
351 949 433 1013 ὥστε
456 949 535 1013 ὅλον
559 950 682 1035 κυρτὸν
704 952 866 1032 φαίνεται.

603 1195 666 1262 κδ’.

189 1319 243 1385 Ἐν
266 1333 336 1398 τοῖς
357 1324 483 1398 κοίλοις
507 1321 678 1407 ε’νόπτροις
702 1321 760 1386 ἐὰν
784 1320 837 1386 ἐπὶ
860 1331 920 1386 τοῦ
937 1320 1080 1408 κέντρου
1102 1323 1136 1386 τὸ

72 1439 106 1488 10
125 1429 213 1512 ὄμμα
235 1435 331 1513 τεθῇ,
355 1429 435 1493 αὐτὸ
459 1432 563 1513 μόνον
586 1431 740 1512 φαίνεται
763 1429 800 1492 τὸ
824 1430 920 1513 ὄμμα.

192 1538 274 1600 ἔστω
297 1541 412 1600 κοῖλον
436 1539 597 1621 ἔνοπτρον
620 1537 657 1600 τὸ
680 1542 713 1600 A
719 1538 790 1619 ΓΔ,
813 1534 952 1622 κέντρον
975 1533 1012 1600 ὃέ
1035 1536 1136 1600 αὐτοῦ

124 1643 161 1706 τὸ
185 1645 229 1725 Β,
261 1644 353 1719 ὄψεις
381 1639 418 1706 δὲ
444 1644 482 1706 αί
507 1646 583 1726 BA,
606 1645 684 1725 ΒΓ,
708 1646 779 1706 BA.
829 1642 954 1707 οὐκοῦν
983 1648 1038 1726 ίση
1066 1642 1138 1726 m]

124 1752 229 1830 γωνία
256 1759 295 1834 τῇ
322 1753 358 1813 Ζ.
413 1747 481 1832 ἥξει
509 1751 574 1834 άρα
601 1747 816 1833 ἀνακλωμένη
843 1748 863 1831 ἡ
888 1752 955 1813 ΒΓ
983 1751 1061 1826 ὄψις
1087 1747 1136 1814 ἐπὶ

124 1856 161 1919 τὸ
188 1859 227 1919 Β.
277 1855 399 1940 ὁμοίως
431 1852 468 1919 δὲ
499 1854 554 1920 καὶ
586 1857 624 1920 αἱ
652 1859 773 1921 λοιπαί.
824 1856 905 1920 αὐτὸ
937 1858 1044 1939 μόνον
1076 1858 1136 1942 άρα

72 1971 105 2019 15
125 1961 239 2046 ὁρᾶται
264 1964 300 2026 τὸ
324 1966 362 2026 Β.

603 2163 661 2204 κε.

188 2260 243 2327 Ἐν
265 2276 334 2338 τοῖς
357 2267 482 2340 κοίλοις
505 2264 677 2349 ἔνόπτροις
699 2262 832 2328 ἐὰνέπὶ
851 2272 909 2347 τῆς
927 2267 1137 2350 περιφερείας

123 2376 189 2453 θῇς
216 2371 253 2434 τὸ
277 2372 365 2454 ὄμμα
392 2369 412 2454 ἢ
436 2369 496 2448 ἔξω
524 2381 582 2454 τῆς
603 2373 827 2456 περιφερείας,
855 2370 1074 2454 οὐφαίνεται
1101 2371 1136 2435 τὸ

124 2474 221 2560 ὄμμα.

70 2592 105 2641 20
191 2586 273 2648 ἔστω
291 2591 405 2650 κοίλον
424 2588 585 2670 ἔνοπτρον
603 2586 640 2648 τὸ
655 2591 688 2649 Α
693 2587 765 2667 ΓΒ,
783 2582 839 2648 καί
858 2584 895 2648 τὸ
909 2582 999 2668 ὄμμα
1012 2588 1136 2649 κείσθω

125 2688 177 2752 ἐπὶ
200 2700 258 2773 τῆς
279 2695 489 2777 περιφερείας
512 2691 615 2755 αὐτοῦ
639 2692 676 2755 τὸ
701 2694 740 2773 Β,
763 2689 856 2767 ὄψεις
878 2687 916 2753 δὲ
937 2690 1137 2776 προσπιπτέ-

124 2812 234 2861 τωσαν
257 2799 295 2862 αί
315 2802 387 2881 BA,
406 2802 474 2863 ΒΓ
491 2796 546 2863 καὶ
569 2797 880 2863 ἀνακεκλάσθωσαν.
921 2796 1048 2862 οὐκοῦν
1070 2800 1137 2882 μεί-

124 2904 188 2978 ζων
212 2901 301 2968 ἔστλν
323 2904 343 2987 ἡ
367 2903 428 2989 μέν
451 2910 495 2969 Μ
498 2909 526 2968 Θ
548 2908 652 2986 γωνία
676 2914 734 2987 τῆς
756 2907 801 2987 Κ,
825 2902 845 2986 ἡ
869 2899 906 2968 δὲ
928 2908 995 2968 BA
1018 2914 1077 2988 τῆς
1102 2909 1136 2968 Ζ.

195 3171 219 3221 2
240 3168 303 3239 EA]
324 3168 428 3222 EAM
484 3174 508 3222 3.
530 3167 653 3256 ἑαυτῆς]
660 3165 796 3236 αὑτῆςΜ
853 3171 877 3220 4
897 3165 967 3221 εἰσιν
981 3165 1039 3221 Vv
1095 3166 1136 3238 αἱ]

124 3251 192 3289 corr.
208 3254 241 3290 ex
261 3257 274 3291 ε
292 3257 317 3293 ν.
373 3237 541 3308 πορρωτάτω
555 3247 604 3292 τοῦ
619 3235 709 3325 μεσοο
722 3256 759 3293 m.
819 3244 844 3291 5.
842 3235 947 3327 κατά]
967 3237 1042 3292 κατὰ
1055 3237 1087 3293 τό
1101 3256 1136 3293 m

158 3306 251 3397 ἡΕΖ]
267 3326 335 3364 corr
346 3311 480 3379 οΧηΕΞ
491 3329 517 3379 v,
533 3309 660 3365 ἐνταῦθα
675 3306 801 3378 μέγισται
815 3306 866 3378 μέν
881 3307 996 3363 εἰσιν
966 3329 998 3362 αι
1008 3315 1066 3376 AA
1077 3313 1136 3375 ΒΓ,

124 3376 250 3466 ἐλαχίστη
271 3378 337 3450 δὲὴ
358 3386 411 3435 ΕΖ
429 3400 465 3436 m
557 3386 581 3435 8.
601 3381 661 3452 κδ’]
681 3380 727 3434 λα
745 3380 801 3434 Vv.
893 3385 917 3434 9
937 3388 986 3433 τοῦ
977 3377 1137 3504 κέντρονρ

122 3449 153 3502 τὸ
173 3447 290 3518 κε’ντρον
308 3403 345 3506 M.
420 3459 461 3507 12
482 3451 509 3506 ίσ
509 3453 538 3523 η]
559 3451 603 3521 ἴση
623 3449 697 3506 ἐστίν
716 3457 868 3506 m.14.
887 3448 999 3523 λοιπαί]
1021 3456 1070 3505 BA
1090 3472 1126 3507 κα

124 3523 172 3572 BA
192 3519 272 3590 ὄψεις
290 3522 336 3575 πλ
353 3524 384 3577 τὸ
404 3529 426 3578 Β
445 3523 614 3593 ἤξονσινω.
689 3528 730 3577 16.
750 3522 807 3595 κε]
826 3522 870 3594 λβ
826 3522 941 3577 λ.λίν
1007 3527 1050 3578 18
1069 3523 1136 3596 θῇς]
