2424 3944
301 172 512 224 orrroonuu
530 171 708 225 ancnusio
728 173 894 226 nunonis,
1040 172 1103 236 149

88 315 241 398 quaesito
275 315 428 380 officeret.
482 320 597 398 postea
624 337 702 379 uero
730 315 804 380 uisu
830 316 866 379 in
893 338 967 380 eum
996 317 1104 382 locum

88 443 264 508 conuerso,
292 423 348 486 ubi
376 422 604 506 corpusculum
627 425 709 505 erat,
738 444 832 487 acum
859 428 1104 508 conspexerunt.

90 529 304 594 manifestum
336 529 438 615 igitur
470 533 533 614 est,
565 551 639 593 cum
668 551 720 593 res
748 529 840 593 humi
868 531 1013 595 coniecta
1039 553 1106 595 non

91 640 289 721 cerneretur,
310 640 383 700 tum
405 658 445 701 ne
463 635 571 699 locum
590 635 729 721 quidem,
751 635 870 721 inquo
890 641 983 721 esset,
1007 637 1105 703 cerni.

91 764 192 826 quare
224 764 290 807 non
323 764 434 807 omnes
466 746 576 826 partes
607 742 672 807 loci
701 743 760 807 sub
790 742 892 808 oculis
921 745 1104 828 quaerentis

90 849 195 934 positi
214 852 397 913 cernuntur.
434 849 462 914 si
482 849 568 913 enim
587 853 803 935 cernerentur,
825 848 925 914 etiam
943 872 995 914 res
1012 871 1107 933 quae·

89 957 157 1022 sita
191 960 390 1042 cerneretur3
426 978 541 1020 uerum
573 977 640 1021 non
672 957 873 1021 cernebatur.
933 961 966 1021 et
998 956 1034 1020 in
1064 956 1106 1020 iis

90 1062 296 1146 hominibuS,
324 1062 379 1146 qui
401 1062 504 1127 libros
526 1063 741 1149 perlustrant,
768 1063 942 1128 dictitabat
965 1063 1108 1147 disputa·

90 1171 184 1234 tione
212 1191 250 1235 eo
280 1191 449 1255 conuersa,
475 1191 515 1234 ne
544 1191 599 1233 eos
628 1170 759 1253 quidem
787 1192 899 1235 omnes
921 1171 1049 1235 litteras
1072 1170 1107 1234 in

91 1276 215 1362 pagina
243 1275 380 1360 scriptas
409 1298 537 1341 cernere
564 1298 670 1361 posse.
717 1276 826 1341 saltim
854 1300 929 1342 cum
952 1275 1107 1360 quasdam

90 1384 278 1448 litterarum
301 1383 462 1448 rariorum
485 1388 667 1448 monstrare
686 1387 889 1469 cogerentur,
912 1384 1031 1448 multas
1051 1404 1107 1448 eos

92 1494 277 1556 monstrare
295 1512 362 1555 non
380 1512 486 1575 posse,
509 1490 585 1574 quia
602 1491 693 1554 uisus
711 1512 778 1554 non
797 1490 837 1553 ad
855 1511 966 1554 omnes
980 1489 1107 1554 litteras

92 1598 268 1682 ferrentur,
292 1597 348 1661 sed
370 1596 457 1660 inter
475 1618 508 1660 se
528 1597 687 1660 distarent
709 1600 742 1660 et
760 1596 864 1661 multa
883 1618 1004 1680 eorum,
1027 1617 1108 1679 quae

94 1703 343 1787 subiicerentur,
365 1724 431 1767 non
455 1706 630 1767 cernerent.
678 1724 776 1786 quare
800 1703 876 1767 hinc
899 1701 1109 1767 manifestum

92 1816 163 1895 est,
193 1832 234 1874 ne
261 1810 401 1896 paginae
432 1809 562 1894 quidem
589 1810 697 1874 locum
726 1813 834 1874 totum
862 1809 959 1874 cerni.
1015 1814 1048 1873 et
1073 1808 1108 1872 in

93 1917 212 1982 ceteris
236 1917 316 1981 uisis
335 1917 420 1980 idem
439 1916 565 1981 accidit.
601 1918 712 2001 itaque
732 1938 813 2000 quae
833 1920 1016 2000 cernuntur,
1038 1919 1109 1979 tota

95 2023 196 2089 simul
214 2044 281 2087 non
300 2027 478 2087 cernentur.
515 2023 668 2087 uidentur
687 2027 797 2087 autem
812 2022 909 2108 cerni,
928 2022 1004 2106 quia
1018 2022 1109 2087 uisus

94 2130 182 2196 mira
214 2129 378 2194 celeritate
412 2119 584 2194 mouentur
615 2129 698 2194 nihil
731 2130 933 2216 omittentes,
964 2129 1026 2194 hoc
1060 2133 1110 2194 est

95 2237 252 2302 continue
276 2240 534 2301 transcurrentes
557 2259 616 2301 nec
640 2235 883 2323 desultantes.¹)

165 2343 205 2406 ad
232 2343 519 2408 demonstrandum
547 2348 668 2427 autem,
696 2343 737 2407 ab
764 2364 817 2427 ec,
845 2344 931 2426 quod
959 2343 1110 2426 cernitur,

96 2451 139 2514 ad
157 2449 266 2513 uisum
284 2449 461 2535 imaginem
476 2451 637 2533 quandam
655 2472 721 2514 non
739 2449 918 2533 peruenire,
937 2471 1017 2533 quae
1036 2470 1111 2512 eum

94 2561 304 2622 commoueat
337 2557 376 2620 ad
408 2556 628 2640 recipiendum
659 2556 708 2640 id,
744 2556 831 2640 quod
864 2556 1019 2640 cernitur,
1051 2556 1110 2619 has

94 2663 243 2729 rationes
268 2662 443 2728 adferebat.
478 2686 555 2728 nam
578 2667 611 2728 et
634 2664 672 2728 de
696 2663 888 2747 corpusculo
912 2663 1059 2747 quaesito
1079 2667 1112 2727 et
1143 2698 1145 2703 ·

93 2772 135 2836 de
159 2769 291 2834 homine
318 2770 441 2835 librum
462 2769 940 2854 perlustrante'dubitationem
964 2769 1111 2833 adferens

95 2876 242 2943 dicebat:
275 2875 304 2940 si
332 2875 477 2940 adfectus
506 2876 636 2940 uidendi
667 2876 866 2961 imaginibus
894 2875 1111 2940 adfluentibus

94 2984 282 3050 efficeretur
301 2987 333 3047 et
349 2984 389 3047 ab
406 2984 555 3047 omnibus
577 2983 766 3067 corporibus
780 2987 936 3067 perpetuo
951 2981 1111 3068 imagines

170 3161 197 3228 1)
215 3159 366 3226 Hucusque
385 3157 440 3212 def.
462 3163 475 3210 1
496 3157 659 3226 explicatur.

133 3318 276 3376 τουτέστιν
295 3321 351 3375 Vv.
434 3324 476 3373 20.
496 3319 564 3372 Post
582 3318 612 3372 τό
632 3318 696 3371 add.
716 3317 754 3385 μή
772 3335 808 3371 ru.
828 3333 881 3372 rec.
901 3317 934 3371 V.
1008 3316 1066 3387 ὄψη
1085 3334 1111 3370 V.

133 3391 185 3463 μή]
204 3390 311 3461 addidi,
332 3408 384 3445 om.
404 3391 485 3459 va.
566 3395 608 3442 21.
628 3392 771 3443 κινεῖσθαι
789 3406 815 3457 p.
893 3388 924 3442 τό
939 3387 1022 3460 (alt.)]
1042 3405 1111 3442 corr.

94 3482 131 3520 ex
149 3471 233 3518 τοῦτο
251 3481 287 3518 m.
307 3478 360 3516 rec.
378 3463 411 3516 V.
485 3467 526 3515 22.
546 3458 641 3515 αἰτίαν
659 3460 792 3530 τοιαύτην
810 3478 837 3530 p.
909 3465 952 3515 26.
972 3459 1065 3528 ἥᾶωλα
1083 3477 1112 3528 v,

94 3536 237 3591 sedcorr.
310 3531 425 3602 ἀπέρρει
442 3552 469 3602 p.
