2424 3944
126 189 191 255 102
464 189 637 246 Encmms
656 186 794 240 och.

125 333 189 399 ἀπὸ
212 343 272 398 τοῦ
294 338 324 398 Β
348 332 401 398 ἐπὶ
423 333 460 397 τὸ
484 338 518 396 A
540 331 561 413 ἡ
584 335 659 415 ΒΔ,
680 328 737 395 καὶ
759 332 932 415 τετμήσθω
956 331 1032 414 δίχα
1054 330 1139 394 κατὰ

124 442 161 506 τὸ
185 446 217 505 Ε
237 452 383 525 σημεῖον,
406 436 461 503 καὶ
485 438 621 522 ἀνήχθω
645 437 709 502 ἀπὸ
732 446 792 502 τοῦ
811 442 843 501 Ε
862 438 947 520 πρὸς
969 435 1075 523 ὀρθὰς
1097 445 1139 521 τῇ

124 552 191 612 AB
214 547 234 630 ἡ
253 552 325 612 ΕΖ.
363 544 457 629 λέγω,
481 546 542 628 ὅτι,
562 544 620 609 ἐὰν
643 542 696 608 ε’πῖ
719 553 777 627 τῆς
795 548 858 608 ΕΖ
881 544 918 608 τὸ
937 544 1025 627 ὄμμα
1044 548 1139 627 τεθῇ,

125 656 165 718 τὰ
188 659 264 738 ΑΒ,
285 657 345 718 ΓΛ
369 659 424 717 ἴσα

89 762 317 845 σφανήσεται.
358 764 423 825 κεῖ·
533 822 535 826 ,

124 874 198 933 σθω
219 869 281 952 γὰρ
299 866 352 932 ἐπὶ
366 877 423 950 τῆς

124 979 187 1039 ΕΖ
208 977 245 1039 τὸ
265 977 352 1059 ὄμμα
367 974 423 1039 καὶ
465 1028 498 1088 B

125 1084 206 1146 ἔστω
235 1083 271 1146 τὸ
297 1086 339 1164 Ζ,
368 1080 423 1145 καὶ

124 1186 419 1274 προσπιπτέτωσαν

72 1311 105 1360 10
124 1294 253 1371 ἀκτῖνες
280 1298 317 1360 αι’
343 1300 423 1378 ΑΖ,

126 1406 422 1486 ΖΒ,ΖΕ,ΖΛ,

126 1512 200 1573 ΖΓ.
279 1516 332 1592 ἴση
381 1512 421 1594 δὴ

123 1615 277 1698 εὐθεῖαὴ
299 1620 360 1680 ΖΒ
383 1626 422 1701 τῇ

126 1726 200 1786 ZA.
256 1721 339 1787 ἀλλὰ
370 1721 425 1786 ιιαῖ
457 1722 477 1805 ἡ
506 1727 572 1787 ΑΒ
604 1733 644 1808 τῇ
675 1726 740 1787 ΓΛ
770 1722 941 1787 ὑπόκειται
975 1727 1042 1804 ἴση·
1077 1722 1142 1787 δύο

72 1845 105 1893 15
125 1829 189 1913 ἄρα
217 1831 253 1893 αἴ
278 1833 358 1912 ΑΒ,
383 1833 446 1892 ΒΖ
474 1827 553 1894 δυσὶ
580 1842 651 1906 ταῖς
675 1833 746 1912 ΓΔ,
768 1833 836 1892 AZ
865 1834 934 1892 ἴσαι
961 1829 1034 1892 εἰσί.
1084 1827 1142 1892 καῖ

124 1932 335 2018 περιέχουσιν
358 1935 464 2020 ὀρθὰς
487 1939 622 2017 γωνίας·
648 1942 701 2018 ἴση
726 1937 789 2020 ἄρα
809 1933 899 1999 ἐστὶν
918 1935 938 2018 η
956 1933 1022 1999 ὑπὸ
1041 1938 1142 2000 BZA

125 2050 164 2125 τῇ
187 2040 252 2104 ὑπὸ
276 2047 310 2105 A
317 2045 384 2106 ZP.
431 2043 471 2105 τὰ
494 2047 571 2126 ΑΒ,
592 2045 652 2106 ΓΛ
674 2044 738 2127 ἄρα
763 2049 817 2106 ἴσα
841 2042 1035 2125 ὀφθήσεται.

191 2144 275 2229 λέγω
300 2148 351 2231 εἴη’,
376 2147 426 2212 ὅτι
449 2146 504 2213 καὶ
528 2150 626 2213 ἄνισα
650 2148 844 2232 ὀφθήσεται.

191 2257 396 2336 μεταπεῖσθω
425 2255 466 2338 εἴη
494 2257 531 2320 τὸ
555 2257 643 2340 ὄμμα
668 2253 723 2320 καὶ
746 2257 828 2320 ἔστω
852 2256 889 2319 τὸ
912 2258 962 2338 Η,
988 2252 1045 2318 καὶ
1069 2253 1143 2318 ε’πε-

72 2375 107 2425 20
127 2359 253 2444 ζεύχθω
280 2360 300 2444 ἡ
324 2365 407 2445 ΗΕ,
435 2359 491 2426 παὶ
518 2360 813 2447 προσπιπτέτωσαν
841 2361 969 2436 ἀκτῖνες
997 2361 1034 2425 αἴ
1059 2364 1142 2444 ΗΒ,

124 2470 207 2551 ΗΑ,
227 2471 306 2552 ΗΓ,
325 2473 406 2534 ΗΛ.
443 2472 562 2553 μείζων
584 2470 649 2556 ἄρα
677 2469 788 2552 ηΗΒ
812 2477 870 2553 τῆς
893 2472 973 2532 HA.
1010 2466 1143 2552 ἀφῃρή-

126 2579 199 2638 σθω
224 2573 288 2640 ἀπὸ
311 2586 368 2658 τῆς
390 2580 460 2641 ΗΒ
488 2585 527 2661 τῇ
551 2579 620 2640 HA
645 2583 698 2658 ἴση
721 2576 742 2659 η
765 2579 843 2658 ΒΘ,
871 2572 926 2639 καὶ
955 2573 1142 2657 ἐπεζεύχθω

125 2678 145 2761 η
169 2685 246 2745 ΑΘ.
298 2688 351 2765 ἴση
379 2684 443 2767 ἄρα
470 2686 575 2765 γωνία
603 2682 623 2765 ἡ
650 2682 715 2746 ὑπὸ
742 2685 839 2745 ΒΘΑ
868 2690 908 2765 τῇ
934 2681 1000 2745 ὑπὸ
1025 2684 1143 2746 ΓΗΔ.

126 2783 209 2851 ἀλλὰ
228 2788 248 2872 ἡ
265 2788 331 2853 ὑπὸ
346 2793 444 2853 ΒΘΑ
467 2797 525 2872 τῆς
542 2788 607 2853 ὑπὸ
623 2792 725 2852 BHA
747 2790 865 2871 μείζων
885 2785 985 2871 ἐστίν,
1007 2786 1028 2869 η
1049 2787 1144 2864 ἐκτὸς

72 2908 107 2956 25
126 2906 184 2978 τῆς
207 2895 312 2972 ἐντός·
339 2893 394 2960 καῖ
417 2894 437 2978 ἡ
460 2895 526 2960 ὑπὸ
552 2899 657 2960 ΓΗΔ
685 2895 749 2978 ἄρα
771 2903 829 2977 της
850 2893 916 2958 ὑπὸ
940 2897 1049 2958 ΒΗΑ
1072 2893 1145 2960 ἐστι

126 3006 253 3086 μείζων.
299 3006 416 3087 μείζων
440 3004 504 3087 ἄρα
528 3003 709 3086 φανήσεται
732 2999 752 3083 ἡ
778 3004 839 3065 ΓΛ
861 3010 919 3083 τῆς
942 3004 1016 3064 AB.

197 3177 266 3248 Εἰς,
286 3195 371 3246 quam
386 3194 420 3232 ex
434 3178 460 3232 V
475 3177 548 3246 dedi,
568 3195 623 3246 quo
639 3177 723 3231 modo
738 3175 930 3244 intellegenda
945 3174 990 3244 sit,
1010 3177 1146 3245 exposuit

126 3249 327 3304 Weissenborn
345 3249 363 3303 l.
379 3267 401 3303 ο.
420 3268 447 3319 p.
463 3254 504 3304 58.

200 3417 223 3463 1.
248 3411 284 3481 A]
305 3427 372 3465 corr.
393 3425 427 3463 ex
445 3415 480 3477 A,
496 3415 521 3463 A
539 3427 575 3461 m.
596 3413 611 3460 2
630 3407 695 3460 Vat.
786 3413 811 3460 2.
836 3409 861 3459 Ε
876 3405 962 3477 (alt.)]
984 3422 1070 3476 supra
1091 3425 1145 3464 scr.

127 3486 194 3535 m.2
214 3480 247 3535 V.
304 3486 345 3534 12.
366 3480 400 3550 δὴ
421 3481 532 3551 εὐθεῖα]
552 3479 582 3532 in
599 3496 653 3533 ras.
669 3479 702 3533 V.
758 3484 799 3531 15.
819 3476 890 3568 dique]
907 3477 962 3545 ἄρα
982 3476 1041 3532 ἴσαι
1061 3481 1146 3535 codd.

164 3549 238 3624 δυσί]
258 3550 323 3606 ὃασῖ
341 3570 367 3605 v,
431 3553 496 3623 AZ]
518 3555 565 3605 ΖΛ
583 3568 608 3603 v.
674 3555 715 3604 16.
734 3549 803 3603 Post
821 3569 925 3619 γωνιας
944 3549 999 3604 del.
1019 3549 1065 3621 ἴση
1086 3551 1147 3621 ἄρα
