2424 3944
263 132 473 185 omroonun
491 129 670 183 monuero
688 129 855 183 rnnonrs.
1001 125 1065 190 193

534 310 585 375 30.

122 436 189 502 Ubi
217 458 316 502 conus
345 434 500 500 circulum
530 433 636 498 basim
662 433 785 497 habens
814 432 854 497 ab
883 455 947 498 uno
972 432 1066 498 oculo

53 544 209 630 cernitur,
231 543 338 607 minus
361 539 544 606 hemiconio
568 544 725 605 cernetur.

125 651 168 716 sit
191 650 278 716 enim
301 647 449 732 circulus,
472 647 563 712 cuius
587 650 733 738 centrum
754 648 794 729 K,
816 645 904 710 basis
928 645 1011 729 coni,
1034 649 1067 709 et

54 784 76 825 a
95 764 124 824 Β
149 757 243 823 oculo
267 757 307 820 ad
330 759 477 820 centrum
501 754 637 817 ducatur
656 755 734 836 ΒΚ,
758 756 791 816 et
812 774 870 837 per
888 755 924 816 K
944 753 983 816 ad
1001 754 1067 815 ΚΒ

536 857 809 944 perpendicularis
836 862 917 944 NA,
947 858 1068 924 circum

536 968 602 1030 ΚΒ
627 969 735 1030 autem
754 965 892 1030 circulus
912 965 1070 1030 describa-

537 1078 605 1157 tur,
637 1073 859 1156 ducanturque
890 1075 968 1157 ΒΖ,
992 1075 1070 1157 ΖΚ,

538 1182 614 1263 ΒΔ,
636 1181 714 1242 ΔΚ.
761 1178 872 1263 anguli
899 1177 1002 1262 igitur
1030 1179 1070 1242 ad

541 1290 578 1371 Ζ,
591 1291 625 1349 Δ
642 1284 744 1369 positi
761 1284 842 1348 recti
862 1287 951 1370 sunt3
971 1306 1069 1368 quare

539 1395 612 1477 ΒΔ,
630 1395 693 1455 ΒΖ
716 1390 751 1452 in
769 1411 834 1454 uno
852 1394 974 1475 puncto
999 1412 1072 1456 con·

540 1498 686 1583 ting1mt‚
724 1501 756 1561 et
788 1494 870 1560 radii
903 1497 943 1560 ab
977 1496 1070 1561 oculo

541 1603 725 1669 adcidentes
752 1624 811 1687 per
825 1606 910 1688 BA,
932 1607 995 1667 ΒΖ
1024 1624 1073 1666 ca·

542 1711 627 1774 dent.
670 1713 819 1773 cernetur
841 1709 944 1794 igitur
967 1714 1072 1793 ZPA,

542 1815 628 1899 quod
651 1815 757 1880 minus
777 1820 827 1880 est
846 1836 943 1899 quam
961 1819 1001 1880 N
1001 1818 1072 1879 PA.

541 1944 656 1986 uerum
665 1926 705 1987 N
705 1926 767 1987 PA
781 1921 1002 1987 semicirculus
1013 1924 1072 1986 est.

541 2029 653 2112 itaque
673 2033 770 2094 ZPA
793 2028 994 2094 semicirculo
1014 2026 1074 2092 mi-

542 2158 604 2201 nus
646 2140 704 2201 est.
777 2158 855 2222 ergo
897 2135 996 2201 etiam
1037 2157 1075 2200 ea

62 2265 139 2328 pars
163 2241 250 2326 coni,
278 2263 359 2326 quae
383 2242 538 2329 cernitur,
561 2243 745 2309 hemioonio
769 2242 875 2308 minor
899 2247 961 2326 est3
988 2242 1074 2306 idem

62 2350 152 2415 enim
175 2348 273 2413 etiam
296 2349 334 2412 de
358 2349 472 2414 ceteris
496 2350 625 2416 circulis
650 2349 830 2434 superficiei
853 2349 927 2414 coni
946 2350 1076 2413 demon-

62 2455 249 2522 strabimus.

544 2615 595 2680 31.

134 2738 236 2805 Oculo
259 2744 368 2804 autem
390 2740 426 2803 in
450 2740 563 2803 eodem
584 2739 682 2823 plano
704 2737 870 2802 inlocum
892 2737 1077 2821 propiorem

63 2843 266 2929 transposito
303 2867 378 2929 pars
413 2866 433 2909 a
464 2844 562 2909 radiis
595 2844 828 2928 comprehensa
863 2842 969 2908 minor
1006 2843 1077 2928 erit,

63 2951 231 3016 uidebitur
254 2956 362 3015 autem
385 2951 488 3016 maior
511 2973 585 3035 pars
609 2951 705 3016 cerni.

135 3057 179 3122 sit
202 3057 288 3121 enim
311 3058 460 3144 circulus
483 3058 573 3123 ouius
598 3062 745 3123 centrum
764 3057 807 3122 sit
825 3060 866 3142 Κ,
888 3056 976 3120 basis
996 3055 1079 3140 coni,

65 3164 182 3230 oculus
206 3167 315 3228 autem
339 3163 382 3228 sit
405 3169 450 3248 A,
478 3169 511 3227 et
535 3164 575 3228 ab
599 3168 632 3227 A
655 3164 696 3228 ad
718 3165 753 3226 K
778 3163 914 3227 ducatur
935 3164 1018 3246 ΑΚ,
1046 3165 1079 3226 et

65 3273 109 3338 ad
132 3294 204 3336 eam
226 3269 502 3355 perpendicularis
525 3293 582 3355 per
605 3273 639 3334 K
660 3270 797 3334 ducatur
821 3271 932 3353 ΓΚΒ,
956 3267 1078 3332 circum

65 3382 146 3444 ΑΚ
175 3382 282 3442 autem
317 3376 456 3442 circulus
490 3376 705 3462 describatur,
746 3376 967 3458 ducanturque
1000 3379 1082 3460 ΛΖ,

67 3488 148 3569 ΖΚ,
176 3490 256 3568 ΑΛ,
282 3487 360 3548 ΛΚ.
416 3482 481 3547 iam
509 3483 621 3547 oculus
644 3487 677 3546 A
705 3482 745 3546 ad
767 3485 807 3546 N
832 3485 1077 3567 transponatur,

122 3598 274 3650 Euclides,
288 3597 339 3638 edd.
348 3597 451 3648 Hciberg
460 3599 484 3638 ct
492 3597 582 3648 Menge.
601 3597 653 3638 VII.
888 3590 921 3638 13
