2424 3944
151 163 195 230 60
492 167 662 218 EUCLIDIS
682 166 818 220 OPTICA.

152 306 205 374 ἐπὶ
232 318 292 374 τοῦ
315 315 355 375 Κ.
411 308 660 393 ἐπεζεύχθωσαν
692 310 729 374 αἱ
754 313 838 393 ΑΚ,
861 315 894 374 Α
901 313 944 392 Θ,
975 305 1032 373 καὶ
1064 325 1164 395 προσ-

152 419 363 500 εκβεβλήσθω
392 415 412 498 ἡ
440 421 508 480 ΑΘ
539 415 591 481 ε’πὶ
619 417 656 480 τὸ
685 420 734 499 Η,
766 416 786 498 ἡ
815 412 852 480 δὲ
879 420 952 481 ΑΚ
982 413 1035 481 ἐπὶ
1063 418 1101 480 τὸ
1125 420 1164 480 Λ.

153 523 278 588 οὐκοῦν
305 521 357 586 ἐπὶ
384 531 444 587 τοῦ
467 527 507 586 Η
529 521 584 587 καὶ
606 531 666 587 τοῦ
691 527 722 586 Λ
750 521 905 598 τεθέντος
931 531 992 587 τοῦ
1021 524 1164 607 ὄμματος

152 633 252 696 ύνισα
279 630 319 693 τὰ
342 628 492 716 ὁρώμενα
519 638 579 694 τοῦ
606 628 717 693 κύνου
744 629 945 713 ὀφθήσεται,
974 626 1029 693 καὶ
1056 633 1165 714 μεῖζον

118 755 133 803 5
152 735 213 821 μὲν
236 740 325 803 ἔσται
349 738 386 801 τὸ
409 737 492 822 πρὸς
510 745 555 824 τῷ
574 741 619 819 Η,
643 739 783 802 ἔλασσον
806 733 843 800 δὲ
865 736 905 801 δν
927 738 1039 820 μεῖζον
1057 736 1164 820 ὀφθή-

154 859 243 908 σεται
262 844 299 907 τὸ
322 844 405 929 πρὸς
428 853 473 930 τῷ
494 847 533 907 Λ.
571 849 644 908 ἴσον
668 840 705 907 δὲ
727 844 764 907 τὸ
787 845 871 929 πρὸς
893 853 939 930 τῷ
959 847 998 906 H
1016 852 1063 931 τῷ
1085 845 1165 929 πρὸς

153 958 198 1037 τῷ
226 955 267 1033 Θ,
300 951 336 1015 τὸ
365 946 402 1014 δὲ
427 951 511 1036 πρὸς
538 959 583 1037 τῷ
608 955 639 1014 Λ
666 959 711 1037 τῷ
739 951 823 1036 πρὸς
844 960 890 1037 τῷ
914 954 959 1033 Κ,
993 949 1039 1025 ὡς
1062 949 1100 1014 ἐν
1122 959 1164 1037 τῷ

153 1057 218 1141 πρὸ
250 1058 370 1121 τούτου
403 1057 547 1140 ἐδείχθη.
601 1066 662 1121 τοῦ
689 1059 754 1143 ύρα
781 1059 925 1141 ὄμματος
952 1057 1036 1142 πρὸς
1063 1066 1109 1144 τῷ
1140 1060 1165 1120 Θ

154 1161 309 1239 τεθέντος
336 1166 447 1247 μεῖζον
474 1167 564 1228 ἔσται
595 1165 633 1227 τὸ
661 1162 831 1247 δρώμενον
859 1172 919 1228 τοῦ
946 1162 1057 1227 κύνον
1086 1164 1164 1247 ἥπερ

102 1289 136 1337 10
155 1271 238 1354 πρὸς
260 1279 306 1357 τῷ
330 1273 375 1353 Κ,
400 1268 488 1348 δόξει
511 1267 548 1335 δὲ
571 1273 711 1334 ἔλασσον
734 1265 828 1334 εἶναι.

632 1446 695 1512 κδ’.

220 1569 296 1637 Ἐὰν
313 1574 438 1637 κύκλον
457 1573 540 1657 πρὸς
558 1571 665 1658 ὀρθὰς
684 1571 747 1636 ἀπὸ
762 1581 822 1636 τοῦ
840 1569 979 1656 κέντρου
995 1570 1164 1655 ἀνασταθῇ

156 1687 201 1766 τῷ
225 1687 285 1743 τοῦ
303 1680 428 1744 κύκλου
447 1677 588 1766 ἐπιπέδῳ
608 1679 733 1761 εύθεῑα,
757 1676 810 1742 ἐπὶ
829 1675 866 1742 δὲ
885 1678 1006 1760 ταύτης
1024 1679 1062 1742 τὸ
1082 1680 1163 1762 ὄμμα

156 1791 248 1871 τεθῇ,
272 1786 308 1850 αἱ
324 1786 494 1870 διάμετροι
513 1787 550 1850 αἰ
566 1784 602 1850 ἐν
620 1793 665 1872 τῷ
684 1793 744 1848 τοῦ
762 1785 886 1849 κύκλον
901 1783 1044 1872 ἐπιπέδῳ
1056 1785 1163 1868 ,διανό-

105 1911 137 1960 15
156 1914 252 1975 μεναι
274 1900 376 1957 πᾶσαι
401 1898 470 1956 ἴσαι
491 1893 706 1976 φανήσονται.

225 2000 306 2062 ἔστω
330 1999 464 2081 κύκλος,
497 1995 538 2064 οὗ
566 1998 704 2084 κέντρον
727 2000 763 2064 τὸ
787 2006 819 2064 Α
847 2010 998 2083 σημεῖον,
1032 1996 1089 2062 καὶ
1111 1993 1161 2061 ἀπ’

158 2103 261 2167 αὐτοῦ
285 2103 422 2188 ύνήχθω
446 2129 497 2182 τις
518 2106 601 2190 πρὸς
623 2105 730 2191 ὀρθὰς
753 2105 773 2188 ἡ
796 2111 863 2170 ΑΒ
890 2115 936 2193 τῷ
961 2113 1022 2169 τοῦ
1045 2105 1162 2170 κύκλον

161 3097 313 3187 ἐπιπέδῳ,
336 3097 389 3182 ἐφ’
410 3094 450 3182 ἧς
473 3101 560 3184 ὄμμα
583 3103 706 3164 κείσθω
726 3101 762 3165 τὸ
783 3105 820 3164 Β.
858 3097 952 3183 λέγω,
976 3100 1028 3166 ὅτι
1047 3102 1084 3166 αἱ
1101 3095 1161 3164 διύ-

160 3229 274 3293 μετροι
303 3213 371 3272 ἴσαι
399 3208 614 3291 φανήσονται.
670 3209 817 3271 ἔστωσαν
849 3208 911 3272 δύο
940 3207 1109 3295 διάμετροι
1135 3201 1166 3268 αἱ

233 3390 256 3437 1.
276 3384 337 3454 τοῦ]
356 3381 388 3437 τό
406 3400 442 3436 m.
516 3388 539 3436 κ.
561 3382 604 3452 Η]
625 3397 639 3435 e
659 3397 727 3436 corr.
747 3382 779 3437 V.
852 3381 883 3436 τό
899 3381 982 3453 (alt.)]
1003 3399 1072 3438 corr.
1088 3398 1120 3436 ex
1134 3373 1163 3432 τύ

160 3473 197 3509 m;
217 3460 232 3508 2
252 3453 317 3507 Vat.
377 3458 400 3507 3.
420 3451 569 3578 τεθέντοςρ
583 3450 708 3540 τέθειται
727 3453 800 3522 νοτ,
820 3469 888 3508 corr.
903 3472 939 3508 m.
956 3459 980 3508 2.
1026 3459 1066 3542 ⁴5.
1088 3447 1164 3519 ἔσται]

161 3541 214 3580 om.
235 3524 315 3579 codd.
405 3523 436 3577 τό
456 3556 489 3563 -
509 3530 532 3578 6.
565 3541 615 3579 σον
635 3525 682 3595 δε]
705 3542 741 3579 m.
762 3531 777 3577 2
797 3524 861 3579 vat.
953 3529 977 3580 5.
1001 3526 1051 3598 τῳ]
1070 3521 1163 3579 τόΒῑ.
