2424 3944
233 188 272 237 IN
290 188 501 239 OPTICORUM
518 187 776 239 RECENSIONEM
793 187 960 240 THEONIS.
1038 183 1103 247 279

86 328 294 419 ὑποκειμένῳ
329 329 488 419 ἐπιπέδῳ,
519 327 598 394 ποτὲ
630 327 690 414 μέν
723 336 793 413 ἴσα,
824 325 903 394 ποτὲ
936 325 973 393 δὲ
1006 331 1104 394 ἀνισα

88 440 255 520 φαίνεται.

159 546 240 608 ἔστω
266 549 320 608 ἴσα
343 541 467 627 μεγέθη
491 544 530 608 τά
549 547 626 626 ΑΒ,
646 546 707 607 ΓΛ
729 544 812 629 πρὸς
830 542 936 627 ὀρθάς
955 543 1036 607 ὄντα
1055 553 1102 630 τῷ

89 648 295 737 ὑποκειμένῳ
320 649 471 737 ἐπιπέδῳ.
508 647 603 733 λέγω,
627 650 677 714 ὅτι
696 652 764 714 ἔστι
783 672 833 725 τις
851 652 960 732 τόπος,
983 645 1024 714 οὗ
1043 658 1102 713 τοῦ

90 756 237 839 ὄμματος
258 755 512 840 μεθισταμένου,
535 764 595 820 τοῦ
620 752 657 820 δὲ
680 753 849 841 ὁρωμένου
872 753 1039 839 μένοντος,
1063 756 1103 818 τά
1139 766 1155 813 ε

92 867 124 925 Α
130 866 170 946 Β,
190 864 252 927 ΓΔ
273 858 352 926 ποτὲ
374 859 435 946 μὲν
459 869 528 945 ἴσα,
550 858 629 926 ποτὲ
652 859 689 926 ἀὲ
712 864 810 926 ἀνισα
833 866 994 946 φαίνεται.
1032 860 1103 926 έπε-

93 969 221 1052 ζεύχθω
239 967 260 1050 ἡ
276 973 338 1033 ΒΔ
360 967 415 1033 καὶ
433 972 606 1053 τετμήσθω
626 970 702 1053 δίχα
719 969 803 1033 κατά
820 970 857 1033 τὸ
872 974 911 1052 Β,
935 967 989 1033 καὶ
1007 971 1101 1052 ἤχθω

88 1075 176 1160 πρὸς
197 1074 303 1160 ὀρθάς
327 1076 409 1160 αὐτῇ
432 1074 451 1157 ἡ
476 1080 548 1140 ΕΖ.
595 1075 693 1159 λέγω,
717 1076 778 1160 ὅτι,
801 1075 859 1140 έάν
883 1074 935 1140 ἐπὶ
958 1085 1016 1159 της
1038 1079 1103 1138 ΕΖ

88 1182 128 1245 τὸ
152 1183 240 1265 ὄμμα
263 1188 355 1267 τεθῇ,
378 1183 418 1246 τά
437 1188 469 1246 Α
475 1187 513 1266 Β,
533 1185 595 1247 ΓΔ
618 1188 674 1247 ἴσα
696 1187 858 1266 φαίνεται.
894 1187 1018 1247 κείσθω
1039 1183 1101 1267 γάρ

90 1285 146 1352 ε’πὶ
169 1297 229 1351 τοῦ
255 1293 296 1371 Ζ,
323 1286 379 1353 καί
401 1288 696 1374 προσπιπτέτωσαν
720 1289 848 1365 ἀκτῖνες
871 1290 908 1353 αί
928 1293 1006 1372 ΒΖ,
1028 1293 1102 1372 ΖΑ,
1122 1299 1156 1347 10

93 1397 169 1478 ΖΓ,
195 1399 268 1459 ΖΛ.
315 1401 368 1478 ἴση
392 1396 456 1479 ἀρα
483 1395 503 1479 ἡ
527 1400 590 1460 ΒΖ
617 1406 656 1481 τῇ
681 1401 754 1460 ΖΔ.
800 1395 883 1460 ἀλλά
909 1393 965 1459 καί
992 1394 1011 1477 ἡ
1036 1399 1102 1459 AB

88 1510 130 1586 τῇ
155 1503 188 1564 Γ
185 1508 219 1564 A
241 1501 411 1566 ὑπόκειται
436 1507 503 1584 ἴση·
536 1502 598 1565 δύο
623 1502 663 1585 δὴ
688 1503 724 1566 αί
744 1506 825 1585 ΑΒ,
845 1506 908 1565 ΒΖ
931 1497 1009 1565 δυσὶ
1031 1513 1103 1576 ταῖς

92 1612 167 1692 ΓΔ,
189 1613 223 1672 A
231 1612 258 1671 Z
286 1613 354 1671 ἴσαι
382 1609 479 1672 εἴσίν·
513 1606 568 1672 καὶ
596 1611 719 1689 γωνίας
746 1607 852 1693 ὀρθάς
879 1606 1101 1694 περιέχουσιν·

89 1715 188 1798 βάσις
215 1717 279 1799 ἄρα
302 1712 323 1795 ἡ
347 1717 413 1777 ΑΖ
439 1712 534 1797 βάσει
562 1722 601 1797 τῇ
627 1716 692 1777 ΖΓ
716 1718 769 1795 ἴση
795 1711 892 1777 ἐστίν.
938 1715 1021 1777 ὥστε
1047 1710 1102 1777 καὶ

89 1824 195 1903 γωνία
211 1820 239 1903 ἡ
262 1819 327 1883 ὑπὸ
352 1824 454 1883 ΒΖΔ
476 1828 515 1904 τῇ
538 1818 603 1883 ὑπὸ
627 1822 732 1883 ΛΖΓ
751 1825 814 1901 ἴση.
857 1821 939 1884 ὥστε
962 1821 1002 1884 τά
1025 1825 1101 1904 ΑΒ,
1121 1832 1154 1880 15

91 1930 124 1991 Γ
120 1932 154 1991 A
179 1933 233 1991 ἴσα
256 1926 451 2009 ὀφθήσεται.
488 1929 691 2008 μετακείσθω
716 1926 756 2008 δὴ
780 1927 817 1990 τὸ
836 1928 923 2010 ὄμμα
945 1924 1000 1990 καὶ
1019 1929 1101 1992 ἔστω

88 2035 128 2098 τὸ
151 2037 195 2098 Η.
242 2031 340 2115 λέγω,
370 2032 421 2096 ὅτι
446 2033 544 2096 ἀνισα
568 2030 762 2115 ὀφθήσεται.
807 2032 1102 2118 προσπιπτέτωσαν

88 2139 221 2216 ἀκτῖνες
244 2141 281 2204 αί
301 2143 384 2220 ΗΒ,
407 2142 494 2222 ΗΑ,
518 2142 600 2222 ΗΓ,
624 2142 705 2203 HA.
755 2141 874 2223 μείζων
896 2141 960 2225 ἀρα
988 2139 1008 2222 ἡ
1033 2144 1106 2204 ΒΗ

89 2255 150 2329 τῆς
173 2250 254 2311 HA.
300 2246 487 2330 ἀφῃρήσθω
516 2241 578 2311 οὖν
606 2245 669 2310 ἀπὸ
697 2254 755 2330 της
781 2250 850 2310 ΗΒ
878 2255 917 2331 τῇ
944 2250 1018 2310 HA
1047 2253 1100 2330 ἴση

88 2352 111 2435 ἡ
136 2357 216 2436 ΒΘ,
243 2351 298 2416 καὶ
323 2352 505 2436 ἐπεζεύχθω
529 2352 549 2435 ἡ
574 2359 606 2417 Α
613 2357 650 2418 Θ.
696 2359 750 2436 ἴση
774 2355 838 2438 ἀρα
860 2356 965 2434 γωνία
992 2352 1012 2436 ἡ
1036 2354 1101 2418 ὑπὸ
1120 2367 1155 2415 20

88 2463 189 2524 ΒΘΑ
212 2470 251 2545 τῇ
269 2459 334 2524 ὑπὸ
355 2463 467 2524 ΓΗΔ.
504 2457 575 2523 ἀλλ’
592 2459 612 2541 ἡ
630 2459 696 2524 ὑπὸ
715 2462 813 2523 ΒΘΑ
835 2468 893 2543 τῆς
909 2459 975 2523 ὑπὸ
994 2463 1072 2523 ΑΗ
1074 2464 1103 2523 Θ

87 2569 222 2650 μείζων·
256 2565 346 2641 ἐκτὸς
373 2565 451 2650 γάρ·
483 2562 539 2629 καὶ
571 2565 591 2647 ἡ
619 2565 684 2630 ὑπὸ
714 2568 820 2629 ΓΗΔ
852 2567 916 2650 ἀρα
948 2574 1005 2648 τῆς
1035 2565 1101 2630 ὑπὸ

89 2676 199 2736 ΒΗΑ
225 2676 352 2756 μείζων.
399 2669 559 2736 ὥστεκαὶ
585 2670 605 2755 ἡ
631 2675 691 2736 ΓΛ
718 2676 836 2756 μείζων
864 2681 921 2755 τῆς
944 2677 1009 2736 ΑΒ
1037 2698 1101 2757 φα-

88 2781 235 2863 νήσεται.

441 2904 494 2968 Ad
515 2924 605 2988 prop.
629 2902 746 2967 XLIII.
1120 2918 1155 2965 25

158 3029 210 3093 83.
239 3025 417 3112 Ἐφάψεται
436 3030 478 3112 δή
495 3052 526 3111 p.
542 3028 615 3111 228,
631 3027 687 3112 24]
708 3027 765 3092 ε’ἀν
784 3028 846 3112 γάρ
865 3039 953 3113 τρεῖς
971 3028 1100 3093 εὐθεῖαι

89 3134 257 3217 ἀνάλογον
280 3130 377 3217 ὦσιν,
404 3135 441 3198 τὸ
469 3134 534 3199 ὑπὸ
558 3145 624 3199 τῶν
647 3136 759 3219 ἀκρων
776 3140 861 3225 ἴσον
888 3143 932 3222 τῷ
957 3134 1019 3200 ἀπὸ
1043 3145 1101 3219 τῆς

89 3241 201 3326 μέσης,
224 3239 280 3305 καὶ
303 3241 359 3304 ἀιά
382 3248 479 3304 τοῦτο
503 3240 559 3304 ἀιά
582 3241 619 3304 τὸ
643 3237 697 3324 W
718 3249 778 3303 τοῦ
797 3238 830 3321 γ’
849 3249 906 3323 τῆς
926 3239 1099 3307 Ἐπιπέδου

90 3347 278 3431 έφάπτεται.
