2424 3944
123 159 165 225 96
462 159 633 212 ωοοιιοιε
652 159 789 212 omo&

121 305 186 370 ὑπὸ
208 308 330 388 ΑΗΒ,
358 300 429 369 ἀλλ’
455 301 475 384 ἡ
501 301 566 368 ὑπὸ
590 306 696 367 ΑΗΒ
724 312 781 386 τῆς
803 302 868 368 ὑπὸ
892 307 990 367 ΑΔΒ
1014 305 1136 387 μείζων

122 411 227 496 ἐστίν,
259 409 314 476 καὶ
342 410 362 493 ἡ
389 410 454 474 ὑπὸ
482 413 582 474 ΑΖΒ
615 411 678 493 ἄρα
710 418 767 493 τῆς
794 409 859 474 ὑπὸ
886 414 986 474 ΑΛΒ
1014 412 1135 494 μείζων

123 517 222 583 ἐστίν.
267 515 322 582 καὶ
348 516 414 582 ὑπὸ
440 513 501 601 μὲν
529 524 587 600 τῆς
608 515 673 580 ὑπὸ
697 521 798 580 ΑΖΒ
826 517 863 580 τὸ
886 521 952 581 ΑΒ
980 514 1135 600 βλέπεται

122 634 182 689 τοῦ
205 627 348 708 ὄμματος
371 621 422 688 ε’πὶ
447 633 506 688 τοῦ
528 627 555 686 Ζ
578 625 684 706 ὄντος,
707 623 828 707 ὁμοίως
850 620 887 687 δὲ
909 621 965 687 καὶ
986 622 1052 687 ὑπὸ
1076 631 1137 706 τῆς

38 777 41 783 ,
88 740 104 788 5
122 731 187 796 ὑπὸ
206 735 306 794 ΑΛΒ
331 728 384 795 ἐπὶ
402 739 462 794 τοῦ
481 736 515 794 Δ
538 731 642 804 ὄντος.
680 730 797 793 ὄνισον
819 731 884 814 ὄρα
907 730 944 794 τὸ
963 729 1137 813 ὁρώμενον

121 840 273 921 φαίνεται
297 835 360 902 ἀπὸ
383 847 451 901 τῶν
473 841 517 919 Δ,
537 840 573 900 Ζ.

156 952 172 981 ·
186 941 241 1007 καὶ
265 943 323 1008 ε’όιν
346 949 427 1028 τεθῇ
452 949 505 1026 ἴση
529 951 568 1027 τῇ
591 948 625 1006 Α
632 947 658 1006 Ζ
688 941 708 1024 ἡ
733 945 808 1025 ΖΓ,
837 945 971 1007 ἔλαττον
994 937 1055 1026 μὲν
1077 940 1138 1006 καὶ

121 1048 184 1113 ἀπὸ
203 1058 262 1113 τοῦ
279 1052 311 1113 Γ
327 1051 481 1133 φαίνεται
499 1049 581 1134 ἥπερ
601 1047 665 1112 ἀπὸ
684 1055 744 1112 τοῦ
764 1052 802 1130 Ζ,
826 1047 888 1112 ἀπὸ
908 1044 944 1111 δὲ
962 1057 1030 1111 τῶν
1048 1050 1084 1130 Γ,
1102 1055 1137 1112 Δ

123 1161 204 1220 ἴσον.

69 1274 103 1322 10
594 1259 661 1345 μεθ’.

187 1383 264 1450 Εἰσὶ
287 1387 393 1470 τόποι,
416 1383 470 1469 ἐφ’
492 1383 550 1460 οὓς
572 1392 632 1448 τοῦ
654 1385 798 1468 ὄμματος
816 1384 1074 1469 μετατιθεμένου
1094 1387 1137 1450 τὰ

123 1498 177 1558 ἴσα
199 1490 323 1576 μεγέθη
346 1490 402 1557 καὶ
424 1502 543 1567 κοινῶς
567 1489 776 1574 ἀπολαβόντα
799 1493 920 1566 τόπους
938 1491 1030 1567 τινας
1053 1489 1136 1558 ποτέ

120 1596 181 1683 μὲν
205 1605 274 1681 ἴσα,
297 1597 375 1664 ποτε
399 1596 435 1663 δὲ
458 1600 557 1664 ὄνισα
580 1600 742 1681 φαίνεται.

187 1710 268 1771 ἔστω
293 1707 380 1789 ὄμμα
403 1702 463 1790 μὲν
486 1706 523 1770 τὸ
549 1708 591 1787 Θ,
614 1701 738 1786 μεγέθη
764 1701 801 1768 δὲ
823 1704 863 1767 τὰ
886 1709 963 1788 ΑΒ,
981 1708 1054 1787 ΒΓ,
1078 1704 1137 1770 καὶ

69 1825 101 1874 15
120 1813 214 1896 ὄχθω
243 1812 306 1877 ἀπὸ
335 1821 395 1877 τοῦ
425 1817 454 1876 Β
485 1811 568 1896 πρὸς
596 1809 702 1895 ὀρθὰς
729 1808 749 1892 ἡ
778 1814 841 1874 ΒΖ
874 1809 930 1875 καὶ
957 1815 1137 1896 προσεκβε-
1202 1840 1206 1853 ·

122 2136 188 2195 ΖΛ
217 2130 315 2216 μέρος
342 2129 384 2195 ὄν
415 2136 497 2216 τεθῇ
529 2130 566 2194 τὸ
594 2131 693 2213 ὄμμα,

120 2239 160 2302 τὰ
191 2243 224 2301 Α
232 2243 278 2322 Β,
305 2240 376 2301 ΒΓ
411 2242 466 2301 ὄσα
503 2237 694 2320 φανήσεται.

67 2356 101 2405 20
119 2348 323 2430 μετακείσθω
361 2344 402 2427 δὴ
438 2344 475 2408 τὸ
515 2345 602 2427 ὄμμα
638 2339 694 2406 καὶ

120 2455 201 2518 ἔστω
225 2453 262 2517 τὸ
280 2457 318 2516 Ε.
360 2450 455 2535 λέγω,
478 2449 528 2514 ὄτι
551 2449 692 2514 ἀπὸτοῦ

119 2566 151 2625 Ε
171 2561 269 2624 ὄνισα
292 2561 454 2642 φαίνεται.
494 2551 692 2643 προσπιπτέ-

119 2683 228 2730 τωσαν
265 2664 393 2741 ἀκτῖνες
429 2665 466 2729 αλ
496 2669 582 2747 ΑΕ,
609 2668 692 2743 ΕΒ,

119 2775 195 2855 ΕΓ,
231 2769 286 2836 καὶ
318 2773 576 2858 περιγεγράφθω
608 2768 684 2857 περὶ
716 2771 753 2835 τὸ
785 2773 887 2834 ΑΓΕ
917 2773 1084 2856 τρίγωνον
1118 2771 1136 2837 ὁ

67 2888 101 2937 25
120 2881 263 2942 ΑΕΛΓ
278 2879 413 2962 κύκλος,
443 2876 499 2943 καὶ
527 2879 825 2964 προσεκβεβλήσθω
854 2886 893 2962 τῇ
918 2880 982 2941 ΕΒ
1010 2877 1136 2960 ἡΒΗ.

120 2982 188 3048 ἐπεὶ
221 2980 282 3049 οὗν
316 2990 370 3068 ἴση
398 2984 418 3067 ἡ
446 2991 516 3049 ΑΛ
547 2982 739 3068 περιφέρεια
764 2991 804 3067 τῇ
831 2985 903 3046 ΛΓ
929 2988 1136 3072 περιφερείᾳ,

120 3093 238 3174 μείζων
266 3087 303 3154 δὲ
329 3090 349 3173 ἡ
378 3095 487 3156 ΑΔΗ
512 3088 703 3180 περιφέρεια
731 3098 788 3173 τῆς
813 3092 886 3153 ΗΓ
912 3093 1138 3176 περιφερείας,

192 3307 214 3354 1.
235 3303 328 3368 μεῖζον
347 3319 372 3356 v.
459 3307 482 3355 2.
510 3297 566 3354 ἐστί
584 3299 714 3354 Vatm.
798 3300 890 3367 μεῖζον
908 3317 933 3353 v,
1027 3305 1052 3354 3.
1080 3299 1139 3355 ἐστέ

120 3370 248 3425 Vat.vm.
329 3371 478 3496 όπόβιλλβ
498 3389 551 3425 om.
571 3389 595 3425 v.
679 3375 704 3425 4.
724 3367 788 3496 καβέ
808 3371 856 3425 καὶ
874 3370 892 3439 ἡ
911 3388 936 3424 v.
1020 3375 1044 3425 ὅ,
1065 3372 1137 3445 ὑπό]

121 3441 173 3495 del.
194 3461 229 3496 m.
250 3448 265 3495 2
285 3442 359 3512 Vah,
379 3460 431 3497 om.
482 3461 518 3498 m.
592 3447 615 3497 6.
635 3441 705 3514 ἀπό]
724 3442 764 3495 όπ
800 3442 880 3496 codd.
959 3448 981 3495 7.
1001 3440 1032 3512 ἡ]
1053 3451 1090 3514 τῇ
1110 3462 1136 3498 v.

157 3511 276 3574 έλόττων
295 3531 330 3568 m.
394 3519 417 3567 8.
440 3515 550 3585 P(pr.)]
571 3517 602 3567 N
617 3532 643 3568 v.
707 3518 748 3567 10.
768 3513 830 3585 μεθ’]
850 3529 901 3567 om.
923 3529 948 3580 V,
967 3513 1014 3567 νβ’
1030 3512 1066 3583 V,
1088 3516 1136 3586 νβ’
