2424 3944
124 179 189 244 302
523 178 755 232 CATOPTRIOA.

191 327 272 390 ἔστω
301 325 388 407 ὄμμα
416 325 453 387 τὸ
476 327 520 405 Β,
547 331 649 407 μῆκος
677 319 713 386 δὲ
739 320 882 403 πλάγιον
908 322 947 385 τὸ
970 327 1054 405 ΔΕ,
1086 324 1137 386 ἐν·

124 454 247 516 οπτρον
275 427 311 494 δὲ
337 432 373 495 τὸ
398 433 470 494 ΑΓ.
516 429 641 493 οὐκοῦν
664 427 742 493 ἀνα-

98 544 332 602 Ιτιιὶασθεισῶν
361 547 428 601 τῶν
456 537 566 613 ὄψεων
588 538 742 619 φαίνεται

123 646 159 709 τὸ
192 641 252 728 μὲν
285 651 318 708 A
350 642 402 708 ἐπὶ
434 644 471 708 τὸ
499 649 546 726 A,
577 644 614 706 τὸ
648 639 685 707 δὲ
711 647 744 707 Ε

88 749 176 816 σέπὶ
208 753 244 816 τὸ
279 754 319 833 Γ,
360 753 418 814 καί
452 749 542 814 ἐστιν
578 748 665 813 οὕτω
702 759 741 833 τῇ

123 861 303 944 φαντασίᾳ,
335 856 485 941 καθάπερ
518 853 573 919 καὶ
600 865 640 939 τῇ
669 854 743 937 ἀλη-

122 969 200 1050 θείᾳ
227 967 306 1047 ἔχει,
338 965 375 1029 τὸ
406 967 518 1045 ἔγγιον
546 965 672 1043 ἔγγιον,
704 961 742 1025 τὸ

123 1070 293 1155 ἀπώτερον
316 1069 494 1154 ἀπώτερον.

610 1307 644 1345 ι.

70 1421 103 1470 10
194 1410 241 1472 Τὰ
264 1408 386 1490 πλάγια
409 1409 495 1491 μήκη
518 1406 582 1471 ἀπὸ
606 1417 674 1470 τῶν
692 1416 824 1491 κυρτῶν
847 1404 1030 1491 ἐνόπτρων,
1052 1412 1136 1470 καθ-

122 1515 203 1600 άπερ
230 1513 320 1580 ἐστὶν
344 1514 493 1597 ἀληθῶς,
517 1511 572 1577 καὶ
595 1516 759 1596 φαίνεται.

189 1625 270 1687 ἔστω
294 1631 398 1706 μῆκος
420 1621 457 1686 τὸ
481 1625 565 1702 ΕΔ,
593 1621 680 1703 ὄμμα
708 1615 745 1683 δὲ
773 1620 809 1684 τὸ
834 1622 877 1702 Β,
906 1621 1072 1703 ἔνοπτρον
1099 1615 1134 1682 δὲ

121 1730 245 1814 κυρτὸν
267 1729 304 1794 τὸ
328 1731 408 1811 ΑΓ,
441 1729 533 1805 ὄψεις
561 1722 597 1790 δὲ
623 1725 852 1809 ἀνακλώμεναι
880 1723 933 1790 ἐπὶ
960 1725 1002 1789 τὰ
1030 1731 1075 1809 Ε,
1094 1731 1132 1789 Δ.

121 1836 161 1898 τὰ
185 1831 222 1899 δὲ
245 1837 328 1899 ἄλλα
351 1835 392 1897 τὰ
416 1833 508 1897 αὐτά.

70 2025 102 2072 15
599 2009 655 2075 ια’.

196 2137 242 2198 Τὰ
269 2135 338 2217 ὕψη
366 2133 420 2199 καὶ
444 2136 484 2199 τὰ
506 2135 596 2218 βάθη
625 2134 688 2199 ἀπὸ
711 2145 779 2198 τῶν
801 2137 925 2199 κοίλων
954 2134 1131 2221 ἐνόπτρων,

124 2241 184 2305 ὅσα
221 2240 282 2325 μέν
314 2240 404 2305 ἐστιν
440 2240 532 2316 ἐντὸς
568 2251 626 2324 τῆς
657 2242 878 2325 σνμπτώσεως
914 2251 982 2306 τῶν
1015 2244 1131 2322 ὄψεων,

124 2346 371 2432 ἀνεστραμμένα
395 2350 547 2431 φαίνεται
571 2348 720 2433 καθάπερ
745 2347 869 2423 ἐντοῖς
888 2347 1058 2425 ἐπιπέδοις
1079 2345 1130 2413 καὶ

124 2466 257 2539 κυρτοῖς
275 2454 457 2540 ἐνόπτροις,
476 2455 536 2519 ὅσα
556 2454 596 2519 δέ
612 2454 703 2519 ἐστιν
721 2454 813 2531 ἐκτὸς
830 2463 888 2538 τῆς
903 2456 1130 2538 συμπτώσεως,

71 2574 105 2622 20
123 2562 273 2647 καθάπερ
298 2565 402 2646 ἐστιν,
425 2560 480 2627 καὶ
503 2566 665 2646 φαίνεται.

191 2672 272 2733 ἔστω
296 2674 409 2732 κοῖλον
428 2671 588 2751 ἔνοπτρον
607 2669 643 2732 τὸ
663 2670 738 2749 ΑΓ,
762 2669 849 2751 ὄμμα
868 2663 904 2731 δὲ
923 2668 960 2732 τὸ
980 2672 1019 2750 Β,
1043 2669 1131 2746 ὄψεις

124 2772 160 2839 δὲ
183 2775 410 2859 ἀνακλώμεναι
435 2776 471 2838 αί
492 2778 563 2858 ΒΑ,
583 2777 654 2857 ΒΓ,
678 2775 867 2857 σύμπτωσις
890 2770 927 2838 δέ
946 2774 1059 2839 αὐτῶν
1082 2770 1131 2838 ἐπὶ

124 2882 160 2945 τὸ
186 2886 223 2963 Ζ,
245 2882 313 2964 ὕψη
338 2878 374 2945 δὲ
398 2884 434 2946 τό
457 2905 491 2945 τε
514 2885 583 2944 ΛΕ
603 2879 658 2944 καὶ
681 2882 718 2945 τὸ
738 2884 819 2962 ΚΝ,
842 2879 897 2945 καὶ
920 2882 957 2944 τὸ
981 2878 1043 2965 μὲν
1062 2883 1133 2946 ΚΝ

124 2987 216 3063 ἐντὸς
244 2997 300 3071 τῆς
328 2997 386 3052 τοῦ
417 2992 444 3051 Ζ
471 2989 705 3071 συμπτώσεως,
737 2989 774 3052 τὸ
802 2984 839 3051 δὲ
862 2991 932 3052 ΔΕ
957 2986 1051 3065 ἐκτὸς
1077 2997 1131 3070 τῆς

71 3106 105 3154 25
125 3095 354 3178 συμπτώσεως.
386 3095 510 3159 οὐκοῦν
529 3095 755 3178 ἐκβληθεισῶν
773 3106 840 3159 τῶν
854 3097 964 3172 ὄντων
982 3095 1130 3178 καθάπερ

124 3201 160 3266 ἐν
187 3213 256 3277 τοῖς
280 3199 446 3277 ἐπιπέδοις
472 3200 527 3265 καὶ
555 3214 688 3287 κυρτοῖς
716 3188 887 3287 ἐνόπτροις
915 3205 1070 3285 φαίνεται
1097 3201 1130 3264 τὸ

193 3472 217 3521 2.
242 3463 273 3520 δὲ
292 3464 339 3535 τό]
365 3463 395 3519 δὲ
416 3462 551 3520 ἐπίπεδον
569 3464 599 3519 τό
624 3485 658 3520 m.
750 3467 975 3534 ἀνακλασθησῶν
999 3483 1025 3519 v.
1110 3469 1129 3516 7.

9 3536 12 3541 ’
121 3536 153 3592 τό
164 3536 246 3610 μύω]
265 3535 297 3590 τὸ
313 3534 344 3590 δέ
362 3554 397 3590 m.
454 3544 478 3590 9.
500 3537 535 3607 ι’]
555 3537 665 3594 ts'VV.
721 3543 762 3591 12.
784 3536 861 3607 ἔστω]
883 3535 948 3590 ἔστω
962 3534 1084 3606 πλάγιον
1097 3553 1130 3588 m.
