<?xml version="1.0" encoding="UTF-8"?>
<!DOCTYPE html PUBLIC "-//W3C//DTD XHTML 1.0 Transitional//EN"
    "http://www.w3.org/TR/xhtml1/DTD/xhtml1-transitional.dtd">
<html xmlns="http://www.w3.org/1999/xhtml" xml:lang="en" lang="en">
 <head>
  <title>
</title>
<meta http-equiv="Content-Type" content="text/html;charset=utf-8" />
  <meta name='ocr-system' content='tesseract 3.04.00' />
  <meta name='ocr-capabilities' content='ocr_page ocr_carea ocr_par ocr_line ocrx_word'/>
</head>
<body>
  <div class='ocr_page' id='page_1' title='image "./euclidisoperaom01unkngoog_0115.png"; bbox 0 0 2424 3944; ppageno 0'>
   <div class='ocr_carea' id='block_1_1' title="bbox 134 169 803 239">
    <p class='ocr_par' dir='ltr' id='par_1_1' title="bbox 134 169 803 239">
     <span class='ocr_line' id='line_1_1' title="bbox 134 169 803 239; baseline 0.001 -17"><span class='ocrx_word' id='word_1_1' title='bbox 134 174 177 239; x_wconf 79' lang='lat'><em>52</em></span> <span class='ocrx_word' id='word_1_2' title='bbox 474 171 643 225; x_wconf 77' lang='grc' dir='ltr'><em>ουοιιοιε</em></span> <span class='ocrx_word' id='word_1_3' title='bbox 663 169 803 223; x_wconf 77' lang='lat' dir='ltr'><em>0ch.</em></span> 
     </span>
    </p>
   </div>
   <div class='ocr_carea' id='block_1_2' title="bbox 88 311 1157 3282">
    <p class='ocr_par' dir='ltr' id='par_1_2' title="bbox 104 311 1150 1232">
     <span class='ocr_line' id='line_1_2' title="bbox 134 311 1148 406; baseline -0.008 -21"><span class='ocrx_word' id='word_1_4' title='bbox 134 317 430 406; x_wconf 80' lang='grc' dir='ltr'><strong><em>προσπιπτέτωσαν</em></strong></span> <span class='ocrx_word' id='word_1_5' title='bbox 452 316 581 392; x_wconf 80' lang='grc' dir='ltr'><em>ἀκτῖνες</em></span> <span class='ocrx_word' id='word_1_6' title='bbox 603 316 640 380; x_wconf 86' lang='grc' dir='ltr'><em>αί</em></span> <span class='ocrx_word' id='word_1_7' title='bbox 663 318 742 398; x_wconf 83' lang='grc' dir='ltr'><em>ΘΚ,</em></span> <span class='ocrx_word' id='word_1_8' title='bbox 763 317 838 398; x_wconf 79' lang='grc' dir='ltr'><em>ΘΛ,</em></span> <span class='ocrx_word' id='word_1_9' title='bbox 865 311 920 378; x_wconf 83' lang='grc' dir='ltr'><em>καὶ</em></span> <span class='ocrx_word' id='word_1_10' title='bbox 945 312 1148 397; x_wconf 75' lang='grc' dir='ltr'><em>ἀνήχδωσαν</em></span> 
     </span>
     <span class='ocr_line' id='line_1_3' title="bbox 136 419 1147 508; baseline -0.006 -16"><span class='ocrx_word' id='word_1_11' title='bbox 136 426 199 491; x_wconf 79' lang='grc' dir='ltr'><em>ἀπὸ</em></span> <span class='ocrx_word' id='word_1_12' title='bbox 227 438 294 491; x_wconf 83' lang='grc' dir='ltr'><em>τῶν</em></span> <span class='ocrx_word' id='word_1_13' title='bbox 317 427 362 507; x_wconf 83' lang='grc' dir='ltr'><em>Κ,</em></span> <span class='ocrx_word' id='word_1_14' title='bbox 382 426 413 486; x_wconf 99' lang='lat' dir='ltr'><em>A</em></span> <span class='ocrx_word' id='word_1_15' title='bbox 441 425 585 506; x_wconf 81' lang='grc' dir='ltr'><em>σημείων</em></span> <span class='ocrx_word' id='word_1_16' title='bbox 614 420 682 506; x_wconf 88' lang='grc' dir='ltr'><em>[αί]</em></span> <span class='ocrx_word' id='word_1_17' title='bbox 709 419 849 507; x_wconf 81' lang='grc' dir='ltr'><em>πλευραὶ</em></span> <span class='ocrx_word' id='word_1_18' title='bbox 876 429 936 485; x_wconf 89' lang='grc' dir='ltr'><em>τοῦ</em></span> <span class='ocrx_word' id='word_1_19' title='bbox 963 421 1147 508; x_wconf 76' lang='grc' dir='ltr'><strong><em>κυλίνδρου</em></strong></span> 
     </span>
     <span class='ocr_line' id='line_1_4' title="bbox 136 526 1148 618; baseline -0.005 -20"><span class='ocrx_word' id='word_1_20' title='bbox 136 535 219 618; x_wconf 89' lang='grc' dir='ltr'><em>πρὸς</em></span> <span class='ocrx_word' id='word_1_21' title='bbox 241 532 347 617; x_wconf 74' lang='grc' dir='ltr'><strong><em>ὀρθὰς</em></strong></span> <span class='ocrx_word' id='word_1_22' title='bbox 370 530 407 593; x_wconf 89' lang='grc' dir='ltr'><em>αί</em></span> <span class='ocrx_word' id='word_1_23' title='bbox 427 532 512 612; x_wconf 79' lang='grc' dir='ltr'><em>ΚΜ,</em></span> <span class='ocrx_word' id='word_1_24' title='bbox 532 531 610 593; x_wconf 89' lang='lat' dir='ltr'><em>AN.</em></span> <span class='ocrx_word' id='word_1_25' title='bbox 651 529 904 611; x_wconf 69' lang='grc' dir='ltr'><em>δεωρηδιίσεται</em></span> <span class='ocrx_word' id='word_1_26' title='bbox 927 527 969 610; x_wconf 80' lang='grc' dir='ltr'><em>δὴ</em></span> <span class='ocrx_word' id='word_1_27' title='bbox 991 526 1057 592; x_wconf 84' lang='grc' dir='ltr'><em>ὑπὸ</em></span> <span class='ocrx_word' id='word_1_28' title='bbox 1081 538 1148 593; x_wconf 85' lang='grc' dir='ltr'><em>τῶν</em></span> 
     </span>
     <span class='ocr_line' id='line_1_5' title="bbox 140 632 1147 722; baseline -0.005 -18"><span class='ocrx_word' id='word_1_29' title='bbox 140 643 215 722; x_wconf 82' lang='grc' dir='ltr'><em>ΘΚ,</em></span> <span class='ocrx_word' id='word_1_30' title='bbox 240 639 301 701; x_wconf 85' lang='grc' dir='ltr'><em>ΘΛ</em></span> <span class='ocrx_word' id='word_1_31' title='bbox 328 634 472 700; x_wconf 82' lang='grc' dir='ltr'><em>ἀκτίνων</em></span> <span class='ocrx_word' id='word_1_32' title='bbox 498 636 535 699; x_wconf 88' lang='grc' dir='ltr'><em>τὸ</em></span> <span class='ocrx_word' id='word_1_33' title='bbox 563 636 716 699; x_wconf 90' lang='lat' dir='ltr'><em>MKAN</em></span> <span class='ocrx_word' id='word_1_34' title='bbox 742 632 840 718; x_wconf 81' lang='grc' dir='ltr'><em>μέρος</em></span> <span class='ocrx_word' id='word_1_35' title='bbox 866 642 927 697; x_wconf 86' lang='grc' dir='ltr'><em>τοῦ</em></span> <span class='ocrx_word' id='word_1_36' title='bbox 954 635 1147 721; x_wconf 91' lang='grc' dir='ltr'><em>κυλίνδρου.</em></span> 
     </span>
     <span class='ocr_line' id='line_1_6' title="bbox 104 738 1149 824; baseline 0.001 -19"><span class='ocrx_word' id='word_1_37' title='bbox 104 744 223 810; x_wconf 79' lang='grc' dir='ltr'><em>οίιλλδι</em></span> <span class='ocrx_word' id='word_1_38' title='bbox 250 740 305 807; x_wconf 83' lang='grc' dir='ltr'><em>καὶ</em></span> <span class='ocrx_word' id='word_1_39' title='bbox 332 742 396 807; x_wconf 90' lang='grc' dir='ltr'><em>ὑπὸ</em></span> <span class='ocrx_word' id='word_1_40' title='bbox 424 753 492 805; x_wconf 82' lang='grc' dir='ltr'><em>τῶν</em></span> <span class='ocrx_word' id='word_1_41' title='bbox 518 745 597 824; x_wconf 84' lang='grc' dir='ltr'><em>ΕΒ,</em></span> <span class='ocrx_word' id='word_1_42' title='bbox 618 743 686 806; x_wconf 85' lang='grc' dir='ltr'><em>ΕΓ</em></span> <span class='ocrx_word' id='word_1_43' title='bbox 707 741 744 805; x_wconf 89' lang='grc' dir='ltr'><em>τὸ</em></span> <span class='ocrx_word' id='word_1_44' title='bbox 770 744 914 804; x_wconf 88' lang='grc' dir='ltr'><strong>ΖΓΒΗ.</strong></span> <span class='ocrx_word' id='word_1_45' title='bbox 960 743 1029 805; x_wconf 83' lang='grc' dir='ltr'><em>ἔστι</em></span> <span class='ocrx_word' id='word_1_46' title='bbox 1053 738 1149 806; x_wconf 78' lang='grc' dir='ltr'><em>δὲτὸ</em></span> 
     </span>
     <span class='ocr_line' id='line_1_7' title="bbox 140 843 1149 932; baseline -0.003 -17"><span class='ocrx_word' id='word_1_47' title='bbox 140 853 279 915; x_wconf 88' lang='grc' dir='ltr'>ΖΓΒΗ</span> <span class='ocrx_word' id='word_1_48' title='bbox 297 857 357 913; x_wconf 85' lang='grc' dir='ltr'><em>τοῦ</em></span> <span class='ocrx_word' id='word_1_49' title='bbox 381 851 532 913; x_wconf 90' lang='lat' dir='ltr'><em>MKAN</em></span> <span class='ocrx_word' id='word_1_50' title='bbox 549 850 672 932; x_wconf 82' lang='grc' dir='ltr'><em>μεῖζον·</em></span> <span class='ocrx_word' id='word_1_51' title='bbox 697 847 790 912; x_wconf 79' lang='grc' dir='ltr'><em>δοκεῖ</em></span> <span class='ocrx_word' id='word_1_52' title='bbox 810 843 847 911; x_wconf 70' lang='grc' dir='ltr'><em>δὲ</em></span> <span class='ocrx_word' id='word_1_53' title='bbox 870 850 1011 912; x_wconf 82' lang='grc' dir='ltr'><em>ἔλασσον</em></span> <span class='ocrx_word' id='word_1_54' title='bbox 1034 850 1149 932; x_wconf 85' lang='grc' dir='ltr'><em>φαίνε-</em></span> 
     </span>
     <span class='ocr_line' id='line_1_8' title="bbox 138 952 1150 1042; baseline -0.004 -20"><span class='ocrx_word' id='word_1_55' title='bbox 138 964 235 1039; x_wconf 79' lang='grc' dir='ltr'><em>σθαι,</em></span> <span class='ocrx_word' id='word_1_56' title='bbox 263 955 436 1040; x_wconf 76' lang='grc' dir='ltr'><strong><em>ἐπειδήπερ</em></strong></span> <span class='ocrx_word' id='word_1_57' title='bbox 463 952 519 1018; x_wconf 82' lang='grc' dir='ltr'><em>καὶ</em></span> <span class='ocrx_word' id='word_1_58' title='bbox 545 957 663 1038; x_wconf 83' lang='grc' dir='ltr'><em>μείζων</em></span> <span class='ocrx_word' id='word_1_59' title='bbox 685 956 791 1036; x_wconf 77' lang='grc' dir='ltr'><em>γωνία</em></span> <span class='ocrx_word' id='word_1_60' title='bbox 813 952 834 1036; x_wconf 75' lang='grc' dir='ltr'>ἡ</span> <span class='ocrx_word' id='word_1_61' title='bbox 856 955 940 1040; x_wconf 88' lang='grc' dir='ltr'><em>πρὸς</em></span> <span class='ocrx_word' id='word_1_62' title='bbox 964 964 1010 1042; x_wconf 72' lang='grc' dir='ltr'><em>τῷ</em></span> <span class='ocrx_word' id='word_1_63' title='bbox 1037 960 1066 1019; x_wconf 96' lang='grc' dir='ltr'>Θ</span> <span class='ocrx_word' id='word_1_64' title='bbox 1093 964 1150 1039; x_wconf 75' lang='grc' dir='ltr'><em>τῆς</em></span> 
     </span>
     <span class='ocr_line' id='line_1_9' title="bbox 137 1065 351 1149; baseline -0.014 -21"><span class='ocrx_word' id='word_1_65' title='bbox 137 1065 221 1149; x_wconf 91' lang='grc' dir='ltr'><em>πρὸς</em></span> <span class='ocrx_word' id='word_1_66' title='bbox 245 1072 290 1149; x_wconf 77' lang='grc' dir='ltr'><em>τῷ</em></span> <span class='ocrx_word' id='word_1_67' title='bbox 313 1066 351 1125; x_wconf 84' lang='grc' dir='ltr'><em>Β.</em></span> 
     </span>
     <span class='ocr_line' id='line_1_10' title="bbox 622 1167 664 1232; baseline 0 0"><span class='ocrx_word' id='word_1_68' title='bbox 622 1167 664 1232; x_wconf 82' lang='grc' dir='ltr'><em>λ’.</em></span> 
     </span>
    </p>

    <p class='ocr_par' dir='ltr' id='par_1_3' title="bbox 88 1272 1151 1572">
     <span class='ocr_line' id='line_1_11' title="bbox 88 1272 1151 1360; baseline 0.002 -24"><span class='ocrx_word' id='word_1_69' title='bbox 88 1287 122 1336; x_wconf 85' lang='lat'><em>10</em></span> <span class='ocrx_word' id='word_1_70' title='bbox 207 1276 329 1340; x_wconf 89' lang='grc' dir='ltr'><em>Κώνου</em></span> <span class='ocrx_word' id='word_1_71' title='bbox 352 1274 476 1339; x_wconf 79' lang='grc' dir='ltr'><em>κύκλον</em></span> <span class='ocrx_word' id='word_1_72' title='bbox 499 1276 631 1358; x_wconf 80' lang='grc' dir='ltr'><em>ἔχοντος</em></span> <span class='ocrx_word' id='word_1_73' title='bbox 653 1277 714 1358; x_wconf 83' lang='grc' dir='ltr'><em>τὴν</em></span> <span class='ocrx_word' id='word_1_74' title='bbox 736 1274 836 1360; x_wconf 80' lang='grc' dir='ltr'><em>βάσιν</em></span> <span class='ocrx_word' id='word_1_75' title='bbox 861 1272 1022 1359; x_wconf 83' lang='grc' dir='ltr'><em>καὶπρὸς</em></span> <span class='ocrx_word' id='word_1_76' title='bbox 1045 1274 1151 1360; x_wconf 75' lang='grc' dir='ltr'><strong><em>ὀρδδις</em></strong></span> 
     </span>
     <span class='ocr_line' id='line_1_12' title="bbox 140 1378 1150 1467; baseline 0 -21"><span class='ocrx_word' id='word_1_77' title='bbox 140 1382 223 1467; x_wconf 75' lang='grc' dir='ltr'><em>αὐτῇ</em></span> <span class='ocrx_word' id='word_1_78' title='bbox 246 1382 305 1445; x_wconf 89' lang='grc' dir='ltr'><em>τὸν</em></span> <span class='ocrx_word' id='word_1_79' title='bbox 327 1378 428 1458; x_wconf 80' lang='grc' dir='ltr'><em>ἄξονα</em></span> <span class='ocrx_word' id='word_1_80' title='bbox 450 1380 515 1445; x_wconf 85' lang='grc' dir='ltr'><em>ὑπὸ</em></span> <span class='ocrx_word' id='word_1_81' title='bbox 534 1390 594 1446; x_wconf 84' lang='grc' dir='ltr'><em>τοῦ</em></span> <span class='ocrx_word' id='word_1_82' title='bbox 613 1378 686 1456; x_wconf 77' lang='grc' dir='ltr'><em>ἑνὸς</em></span> <span class='ocrx_word' id='word_1_83' title='bbox 705 1383 849 1466; x_wconf 82' lang='grc' dir='ltr'><em>ὄμματος</em></span> <span class='ocrx_word' id='word_1_84' title='bbox 867 1379 1039 1467; x_wconf 81' lang='grc' dir='ltr'><em>δρωμένου</em></span> <span class='ocrx_word' id='word_1_85' title='bbox 1058 1384 1150 1446; x_wconf 82' lang='grc' dir='ltr'><em>ἔλατ-</em></span> 
     </span>
     <span class='ocr_line' id='line_1_13' title="bbox 139 1486 621 1572; baseline -0.002 -19"><span class='ocrx_word' id='word_1_86' title='bbox 139 1512 199 1553; x_wconf 93' lang='grc' dir='ltr'><em>τον</em></span> <span class='ocrx_word' id='word_1_87' title='bbox 221 1488 403 1572; x_wconf 81' lang='grc' dir='ltr'><em>ἡμικωνίου</em></span> <span class='ocrx_word' id='word_1_88' title='bbox 426 1486 621 1571; x_wconf 74' lang='grc' dir='ltr'><em>ὀφθήσεται.</em></span> 
     </span>
    </p>

    <p class='ocr_par' dir='ltr' id='par_1_4' title="bbox 142 1591 1151 1786">
     <span class='ocr_line' id='line_1_14' title="bbox 207 1591 1151 1681; baseline -0.001 -21"><span class='ocrx_word' id='word_1_89' title='bbox 207 1598 289 1660; x_wconf 80' lang='grc' dir='ltr'><em>ἔστω</em></span> <span class='ocrx_word' id='word_1_90' title='bbox 313 1606 433 1678; x_wconf 82' lang='grc' dir='ltr'><em>κῶνος,</em></span> <span class='ocrx_word' id='word_1_91' title='bbox 462 1591 503 1660; x_wconf 85' lang='grc' dir='ltr'><em>οὗ</em></span> <span class='ocrx_word' id='word_1_92' title='bbox 526 1595 623 1679; x_wconf 78' lang='grc' dir='ltr'><em>βάσις</em></span> <span class='ocrx_word' id='word_1_93' title='bbox 644 1592 705 1681; x_wconf 73' lang='grc' dir='ltr'><em>μὲν</em></span> <span class='ocrx_word' id='word_1_94' title='bbox 728 1595 745 1660; x_wconf 88' lang='grc' dir='ltr'>ὁ</span> <span class='ocrx_word' id='word_1_95' title='bbox 771 1597 838 1658; x_wconf 89' lang='grc' dir='ltr'><em>ΒΓ</em></span> <span class='ocrx_word' id='word_1_96' title='bbox 855 1595 989 1678; x_wconf 80' lang='grc' dir='ltr'><em>κύκλος,</em></span> <span class='ocrx_word' id='word_1_97' title='bbox 1018 1596 1151 1680; x_wconf 77' lang='grc' dir='ltr'><em>κορυφὴ</em></span> 
     </span>
     <span class='ocr_line' id='line_1_15' title="bbox 142 1696 1151 1786; baseline 0 -20"><span class='ocrx_word' id='word_1_98' title='bbox 142 1698 178 1766; x_wconf 71' lang='grc' dir='ltr'><em>δὲ</em></span> <span class='ocrx_word' id='word_1_99' title='bbox 201 1703 238 1766; x_wconf 91' lang='grc' dir='ltr'><em>τὸ</em></span> <span class='ocrx_word' id='word_1_100' title='bbox 262 1708 294 1765; x_wconf 92' lang='grc' dir='ltr'><em>Α</em></span> <span class='ocrx_word' id='word_1_101' title='bbox 317 1713 466 1786; x_wconf 80' lang='grc' dir='ltr'><em>σημεῖον,</em></span> <span class='ocrx_word' id='word_1_102' title='bbox 491 1703 578 1786; x_wconf 76' lang='grc' dir='ltr'><em>ὄμμα</em></span> <span class='ocrx_word' id='word_1_103' title='bbox 601 1698 638 1766; x_wconf 70' lang='grc' dir='ltr'><em>δὲ</em></span> <span class='ocrx_word' id='word_1_104' title='bbox 661 1705 743 1767; x_wconf 82' lang='grc' dir='ltr'><em>ἔστω</em></span> <span class='ocrx_word' id='word_1_105' title='bbox 768 1703 804 1766; x_wconf 89' lang='grc' dir='ltr'><em>τὸ</em></span> <span class='ocrx_word' id='word_1_106' title='bbox 828 1707 876 1784; x_wconf 88' lang='lat' dir='ltr'><em>A,</em></span> <span class='ocrx_word' id='word_1_107' title='bbox 904 1698 963 1784; x_wconf 80' lang='grc' dir='ltr'><em>ἀφ’</em></span> <span class='ocrx_word' id='word_1_108' title='bbox 985 1696 1026 1765; x_wconf 87' lang='grc' dir='ltr'><em>οὗ</em></span> <span class='ocrx_word' id='word_1_109' title='bbox 1049 1718 1151 1786; x_wconf 91' lang='grc' dir='ltr'><em>προσ-</em></span> 
     </span>
    </p>

    <p class='ocr_par' dir='ltr' id='par_1_5' title="bbox 89 1807 927 1922">
     <span class='ocr_line' id='line_1_16' title="bbox 89 1807 927 1922; baseline 0.005 -54"><span class='ocrx_word' id='word_1_110' title='bbox 89 1820 122 1869; x_wconf 81' lang='lat'><em>15</em></span> <span class='ocrx_word' id='word_1_111' title='bbox 140 1807 349 1873; x_wconf 82' lang='grc' dir='ltr'><em>πιπτέτωσαν</em></span> <span class='ocrx_word' id='word_1_112' title='bbox 375 1808 463 1872; x_wconf 83' lang='grc' dir='ltr'><em>ιἰκτῖ-</em></span> <span class='ocrx_word' id='word_1_113' title='bbox 893 1862 927 1922; x_wconf 73' lang='lat' dir='ltr'><em>B</em></span> 
     </span>
    </p>

    <p class='ocr_par' dir='ltr' id='par_1_6' title="bbox 100 1914 554 2316">
     <span class='ocr_line' id='line_1_17' title="bbox 100 1914 463 1997; baseline -0.003 -17"><span class='ocrx_word' id='word_1_114' title='bbox 100 1960 101 1963; x_wconf 55' lang='lat'><em>=</em></span> <span class='ocrx_word' id='word_1_115' title='bbox 141 1938 196 1990; x_wconf 87' lang='grc' dir='ltr'><em>νες</em></span> <span class='ocrx_word' id='word_1_116' title='bbox 223 1914 260 1977; x_wconf 89' lang='grc' dir='ltr'><em>αί</em></span> <span class='ocrx_word' id='word_1_117' title='bbox 284 1919 317 1977; x_wconf 89' lang='lat' dir='ltr'><em>A</em></span> <span class='ocrx_word' id='word_1_118' title='bbox 323 1918 365 1997; x_wconf 82' lang='lat' dir='ltr'><em>B,</em></span> <span class='ocrx_word' id='word_1_119' title='bbox 388 1920 421 1978; x_wconf 88' lang='lat' dir='ltr'><em>A</em></span> <span class='ocrx_word' id='word_1_120' title='bbox 427 1918 463 1979; x_wconf 92' lang='grc' dir='ltr'><em>Γ.</em></span> 
     </span>
     <span class='ocr_line' id='line_1_18' title="bbox 141 2016 463 2106; baseline 0.003 -22"><span class='ocrx_word' id='word_1_121' title='bbox 141 2017 197 2084; x_wconf 85' lang='grc' dir='ltr'><em>καὶ</em></span> <span class='ocrx_word' id='word_1_122' title='bbox 244 2016 313 2083; x_wconf 83' lang='grc' dir='ltr'><strong><em>ἐπεὶ</em></strong></span> <span class='ocrx_word' id='word_1_123' title='bbox 362 2037 463 2106; x_wconf 92' lang='grc' dir='ltr'><em>προσ-</em></span> 
     </span>
     <span class='ocr_line' id='line_1_19' title="bbox 141 2125 464 2191; baseline 0.003 -1"><span class='ocrx_word' id='word_1_124' title='bbox 141 2126 350 2190; x_wconf 80' lang='grc' dir='ltr'><em>πεπτώκασιν</em></span> <span class='ocrx_word' id='word_1_125' title='bbox 376 2125 464 2191; x_wconf 82' lang='grc' dir='ltr'><em>ἀκτί-</em></span> 
     </span>
     <span class='ocr_line' id='line_1_20' title="bbox 142 2213 554 2316; baseline 0.012 -21"><span class='ocrx_word' id='word_1_126' title='bbox 142 2255 198 2306; x_wconf 90' lang='grc' dir='ltr'><em>νες</em></span> <span class='ocrx_word' id='word_1_127' title='bbox 229 2232 267 2295; x_wconf 87' lang='grc' dir='ltr'><em>αί</em></span> <span class='ocrx_word' id='word_1_128' title='bbox 293 2237 326 2296; x_wconf 87' lang='lat' dir='ltr'><em>A</em></span> <span class='ocrx_word' id='word_1_129' title='bbox 332 2236 372 2316; x_wconf 81' lang='grc' dir='ltr'><em>Γ,</em></span> <span class='ocrx_word' id='word_1_130' title='bbox 398 2239 464 2298; x_wconf 89' lang='grc' dir='ltr'><em>ΔΒ</em></span> <span class='ocrx_word' id='word_1_131' title='bbox 515 2213 554 2274; x_wconf 73' lang='grc' dir='ltr'><em>Δ</em></span> 
     </span>
    </p>

    <p class='ocr_par' dir='ltr' id='par_1_7' title="bbox 90 2337 1157 2858">
     <span class='ocr_line' id='line_1_21' title="bbox 90 2337 465 2422; baseline 0.011 -22"><span class='ocrx_word' id='word_1_132' title='bbox 90 2349 125 2400; x_wconf 77' lang='lat'><em>20</em></span> <span class='ocrx_word' id='word_1_133' title='bbox 144 2337 366 2422; x_wconf 79' lang='grc' dir='ltr'><em>ἐφαπτόμεναι</em></span> <span class='ocrx_word' id='word_1_134' title='bbox 404 2349 465 2404; x_wconf 89' lang='grc' dir='ltr'><em>τοῦ</em></span> 
     </span>
     <span class='ocr_line' id='line_1_22' title="bbox 143 2445 465 2532; baseline 0.009 -24"><span class='ocrx_word' id='word_1_135' title='bbox 143 2449 172 2508; x_wconf 96' lang='grc' dir='ltr'><strong><em>Β</em></strong></span> <span class='ocrx_word' id='word_1_136' title='bbox 179 2448 221 2529; x_wconf 79' lang='grc' dir='ltr'><em>Γ,</em></span> <span class='ocrx_word' id='word_1_137' title='bbox 248 2445 285 2509; x_wconf 92' lang='grc' dir='ltr'><em>τὸ</em></span> <span class='ocrx_word' id='word_1_138' title='bbox 308 2449 377 2510; x_wconf 88' lang='grc' dir='ltr'><em>ΒΓ</em></span> <span class='ocrx_word' id='word_1_139' title='bbox 400 2448 465 2532; x_wconf 85' lang='grc' dir='ltr'><em>ίίρα</em></span> 
     </span>
     <span class='ocr_line' id='line_1_23' title="bbox 145 2552 465 2639; baseline 0.003 -22"><span class='ocrx_word' id='word_1_140' title='bbox 145 2555 285 2617; x_wconf 81' lang='grc' dir='ltr'><em>ἔλασσόν</em></span> <span class='ocrx_word' id='word_1_141' title='bbox 295 2552 386 2618; x_wconf 85' lang='grc' dir='ltr'><em>ἐστιν</em></span> <span class='ocrx_word' id='word_1_142' title='bbox 394 2552 465 2639; x_wconf 75' lang='grc' dir='ltr'><em>ἡμι-</em></span> 
     </span>
     <span class='ocr_line' id='line_1_24' title="bbox 144 2660 1157 2749; baseline 0.007 -27"><span class='ocrx_word' id='word_1_143' title='bbox 144 2661 282 2723; x_wconf 91' lang='grc' dir='ltr'><em>κυκλίου</em></span> <span class='ocrx_word' id='word_1_144' title='bbox 309 2660 365 2723; x_wconf 83' lang='grc' dir='ltr'><em>διὰ</em></span> <span class='ocrx_word' id='word_1_145' title='bbox 387 2660 427 2723; x_wconf 91' lang='grc' dir='ltr'><em>τδι</em></span> <span class='ocrx_word' id='word_1_146' title='bbox 449 2663 780 2749; x_wconf 77' lang='grc' dir='ltr'><em>προαποδεδειγμένα.</em></span> <span class='ocrx_word' id='word_1_147' title='bbox 826 2665 986 2748; x_wconf 71' lang='grc' dir='ltr'><em>ἤχθωσαν</em></span> <span class='ocrx_word' id='word_1_148' title='bbox 1009 2663 1075 2729; x_wconf 86' lang='grc' dir='ltr'><em>ίιπὸ</em></span> <span class='ocrx_word' id='word_1_149' title='bbox 1100 2673 1157 2748; x_wconf 81' lang='grc' dir='ltr'><em>τῆς</em></span> 
     </span>
     <span class='ocr_line' id='line_1_25' title="bbox 144 2766 1157 2858; baseline 0.004 -28"><span class='ocrx_word' id='word_1_150' title='bbox 144 2773 295 2852; x_wconf 80' lang='grc' dir='ltr'><em>κορυφῆς</em></span> <span class='ocrx_word' id='word_1_151' title='bbox 312 2773 372 2829; x_wconf 85' lang='grc' dir='ltr'><em>τοῦ</em></span> <span class='ocrx_word' id='word_1_152' title='bbox 391 2766 501 2831; x_wconf 84' lang='grc' dir='ltr'><em>κώνου</em></span> <span class='ocrx_word' id='word_1_153' title='bbox 520 2777 578 2852; x_wconf 79' lang='grc' dir='ltr'><em>τῆς</em></span> <span class='ocrx_word' id='word_1_154' title='bbox 591 2775 623 2834; x_wconf 91' lang='lat' dir='ltr'><em>A</em></span> <span class='ocrx_word' id='word_1_155' title='bbox 642 2769 695 2835; x_wconf 81' lang='grc' dir='ltr'><em>ε’πλ</em></span> <span class='ocrx_word' id='word_1_156' title='bbox 713 2772 753 2834; x_wconf 82' lang='grc' dir='ltr'><em>τὰ</em></span> <span class='ocrx_word' id='word_1_157' title='bbox 771 2775 810 2853; x_wconf 84' lang='grc' dir='ltr'><em>Β,</em></span> <span class='ocrx_word' id='word_1_158' title='bbox 826 2774 858 2835; x_wconf 93' lang='grc' dir='ltr'><strong><em>Γ</em></strong></span> <span class='ocrx_word' id='word_1_159' title='bbox 875 2781 992 2854; x_wconf 78' lang='grc' dir='ltr'><em>σημεῖα</em></span> <span class='ocrx_word' id='word_1_160' title='bbox 1015 2769 1157 2858; x_wconf 82' lang='grc' dir='ltr'><em>πλευραὶ</em></span> 
     </span>
    </p>

    <p class='ocr_par' dir='ltr' id='par_1_8' title="bbox 92 2872 1157 3282">
     <span class='ocr_line' id='line_1_26' title="bbox 92 2872 1157 2962; baseline 0.009 -30"><span class='ocrx_word' id='word_1_161' title='bbox 92 2882 127 2932; x_wconf 81' lang='lat'><em>25</em></span> <span class='ocrx_word' id='word_1_162' title='bbox 145 2879 206 2936; x_wconf 82' lang='grc' dir='ltr'><em>τοῦ</em></span> <span class='ocrx_word' id='word_1_163' title='bbox 229 2872 339 2936; x_wconf 85' lang='grc' dir='ltr'><em>κώνου</em></span> <span class='ocrx_word' id='word_1_164' title='bbox 361 2873 400 2936; x_wconf 88' lang='grc' dir='ltr'><em>αί</em></span> <span class='ocrx_word' id='word_1_165' title='bbox 420 2876 496 2956; x_wconf 79' lang='grc' dir='ltr'><em>ΑΒ,</em></span> <span class='ocrx_word' id='word_1_166' title='bbox 519 2880 552 2937; x_wconf 89' lang='grc' dir='ltr'><em>Α</em></span> <span class='ocrx_word' id='word_1_167' title='bbox 558 2877 592 2939; x_wconf 98' lang='grc' dir='ltr'><em>Γ.</em></span> <span class='ocrx_word' id='word_1_168' title='bbox 638 2877 675 2940; x_wconf 90' lang='grc' dir='ltr'><em>τὸ</em></span> <span class='ocrx_word' id='word_1_169' title='bbox 699 2877 762 2960; x_wconf 79' lang='grc' dir='ltr'><em>ἄρα</em></span> <span class='ocrx_word' id='word_1_170' title='bbox 790 2875 1157 2962; x_wconf 81' lang='grc' dir='ltr'><em>ἐμπεριλαμβανόμενον</em></span> 
     </span>
     <span class='ocr_line' id='line_1_27' title="bbox 145 2977 1157 3068; baseline 0.007 -27"><span class='ocrx_word' id='word_1_171' title='bbox 145 2977 210 3042; x_wconf 86' lang='grc' dir='ltr'><em>ὑπὸ</em></span> <span class='ocrx_word' id='word_1_172' title='bbox 229 2989 296 3042; x_wconf 82' lang='grc' dir='ltr'><em>τῶν</em></span> <span class='ocrx_word' id='word_1_173' title='bbox 315 2983 391 3062; x_wconf 83' lang='grc' dir='ltr'><em>ΑΒ,</em></span> <span class='ocrx_word' id='word_1_174' title='bbox 405 2982 476 3043; x_wconf 90' lang='grc' dir='ltr'><em>ΑΓ</em></span> <span class='ocrx_word' id='word_1_175' title='bbox 489 2980 704 3068; x_wconf 73' lang='grc' dir='ltr'><em>εὐδειωυααὶ</em></span> <span class='ocrx_word' id='word_1_176' title='bbox 722 2991 782 3048; x_wconf 88' lang='grc' dir='ltr'><em>τοῦ</em></span> <span class='ocrx_word' id='word_1_177' title='bbox 796 2986 864 3047; x_wconf 94' lang='grc' dir='ltr'><em>ΒΓ</em></span> <span class='ocrx_word' id='word_1_178' title='bbox 877 2981 1001 3068; x_wconf 82' lang='grc' dir='ltr'><em>τομίως</em></span> <span class='ocrx_word' id='word_1_179' title='bbox 1020 2985 1157 3049; x_wconf 77' lang='grc' dir='ltr'><em>ἔλαττόν</em></span> 
     </span>
     <span class='ocr_line' id='line_1_28' title="bbox 147 3084 1157 3173; baseline 0.006 -23"><span class='ocrx_word' id='word_1_180' title='bbox 147 3085 237 3150; x_wconf 90' lang='grc' dir='ltr'><em>ε’στιν</em></span> <span class='ocrx_word' id='word_1_181' title='bbox 259 3084 456 3169; x_wconf 81' lang='grc' dir='ltr'><em>ἡμικωνίου,</em></span> <span class='ocrx_word' id='word_1_182' title='bbox 483 3085 654 3173; x_wconf 75' lang='grc' dir='ltr'><strong><em>ἐπειδήπερ</em></strong></span> <span class='ocrx_word' id='word_1_183' title='bbox 677 3088 732 3154; x_wconf 83' lang='grc' dir='ltr'><em>καὶ</em></span> <span class='ocrx_word' id='word_1_184' title='bbox 755 3091 792 3154; x_wconf 88' lang='grc' dir='ltr'><em>τὸ</em></span> <span class='ocrx_word' id='word_1_185' title='bbox 815 3094 884 3155; x_wconf 96' lang='grc' dir='ltr'><em>ΒΓ</em></span> <span class='ocrx_word' id='word_1_186' title='bbox 901 3093 1042 3156; x_wconf 83' lang='grc' dir='ltr'><em>ἔλασσόν</em></span> <span class='ocrx_word' id='word_1_187' title='bbox 1066 3090 1157 3156; x_wconf 80' lang='grc' dir='ltr'><em>ἐστιν</em></span> 
     </span>
     <span class='ocr_line' id='line_1_29' title="bbox 146 3191 1048 3282; baseline 0.009 -28"><span class='ocrx_word' id='word_1_188' title='bbox 146 3191 352 3275; x_wconf 77' lang='grc' dir='ltr'><em>ἡμικυκλίου.</em></span> <span class='ocrx_word' id='word_1_189' title='bbox 399 3194 539 3257; x_wconf 82' lang='grc' dir='ltr'><em>ἔλασσον</em></span> <span class='ocrx_word' id='word_1_190' title='bbox 562 3195 626 3278; x_wconf 79' lang='grc' dir='ltr'><em>ἄρα</em></span> <span class='ocrx_word' id='word_1_191' title='bbox 647 3193 830 3279; x_wconf 75' lang='grc' dir='ltr'><em>ἡμικωνίου</em></span> <span class='ocrx_word' id='word_1_192' title='bbox 854 3197 1048 3282; x_wconf 78' lang='grc' dir='ltr'><em>ὀφθήσεται.</em></span> 
     </span>
    </p>
   </div>
   <div class='ocr_carea' id='block_1_3' title="bbox 892 2513 929 2574">
    <p class='ocr_par' dir='ltr' id='par_1_9' title="bbox 892 2513 929 2574">
     <span class='ocr_line' id='line_1_30' title="bbox 892 2513 929 2574; baseline 0 0"><span class='ocrx_word' id='word_1_193' title='bbox 892 2513 929 2574; x_wconf 87' lang='lat' dir='ltr'><em>I&#39;</em></span> 
     </span>
    </p>
   </div>
   <div class='ocr_carea' id='block_1_4' title="bbox 148 3346 1157 3507">
    <p class='ocr_par' dir='ltr' id='par_1_10' title="bbox 148 3346 1157 3507">
     <span class='ocr_line' id='line_1_31' title="bbox 220 3346 1157 3427; baseline 0.01 -27"><span class='ocrx_word' id='word_1_194' title='bbox 220 3353 243 3402; x_wconf 94' lang='lat'><em>1.</em></span> <span class='ocrx_word' id='word_1_195' title='bbox 263 3346 447 3419; x_wconf 73' lang='grc' dir='ltr'><em>ἀνήχδωσαν]</em></span> <span class='ocrx_word' id='word_1_196' title='bbox 466 3365 555 3418; x_wconf 82' lang='lat' dir='ltr'><strong>comp.</strong></span> <span class='ocrx_word' id='word_1_197' title='bbox 574 3351 666 3405; x_wconf 77' lang='lat' dir='ltr'><strong>Bvat.</strong></span> <span class='ocrx_word' id='word_1_198' title='bbox 739 3359 764 3407; x_wconf 79' lang='lat'><em>2.</em></span> <span class='ocrx_word' id='word_1_199' title='bbox 784 3362 883 3422; x_wconf 84' lang='grc' dir='ltr'><em>σημεῖα</em></span> <span class='ocrx_word' id='word_1_200' title='bbox 901 3354 966 3410; x_wconf 74' lang='lat' dir='ltr'>Vat.</span> <span class='ocrx_word' id='word_1_201' title='bbox 1040 3354 1084 3427; x_wconf 85' lang='grc' dir='ltr'><em>αλ]</em></span> <span class='ocrx_word' id='word_1_202' title='bbox 1105 3373 1157 3409; x_wconf 88' lang='lat' dir='ltr'><em>om.</em></span> 
     </span>
     <span class='ocr_line' id='line_1_32' title="bbox 148 3417 1157 3507; baseline 0.012 -36"><span class='ocrx_word' id='word_1_203' title='bbox 148 3417 273 3507; x_wconf 60' lang='grc' dir='ltr'><em>Βλοία.</em></span> <span class='ocrx_word' id='word_1_204' title='bbox 337 3425 361 3473; x_wconf 84' lang='grc'><em>3.</em></span> <span class='ocrx_word' id='word_1_205' title='bbox 381 3420 457 3490; x_wconf 88' lang='lat' dir='ltr'><em>AN]</em></span> <span class='ocrx_word' id='word_1_206' title='bbox 477 3424 537 3474; x_wconf 85' lang='grc' dir='ltr'><em>ΛΗ</em></span> <span class='ocrx_word' id='word_1_207' title='bbox 553 3421 607 3490; x_wconf 83' lang='lat' dir='ltr'><em>Bv,</em></span> <span class='ocrx_word' id='word_1_208' title='bbox 628 3425 656 3476; x_wconf 79' lang='lat' dir='ltr'><em>et</em></span> <span class='ocrx_word' id='word_1_209' title='bbox 673 3422 747 3493; x_wconf 65' lang='lat' dir='ltr'><em>vat„</em></span> <span class='ocrx_word' id='word_1_210' title='bbox 767 3423 817 3478; x_wconf 84' lang='lat' dir='ltr'><em>sed</em></span> <span class='ocrx_word' id='word_1_211' title='bbox 835 3441 903 3479; x_wconf 86' lang='lat' dir='ltr'><strong>corr.</strong></span> <span class='ocrx_word' id='word_1_212' title='bbox 967 3432 991 3480; x_wconf 87' lang='lat'><em>4.</em></span> <span class='ocrx_word' id='word_1_213' title='bbox 1012 3427 1157 3498; x_wconf 84' lang='lat' dir='ltr'><em>MKAN]</em></span> 
     </span>
    </p>
   </div>
   <div class='ocr_carea' id='block_1_5' title="bbox 149 3503 1157 3600">
    <p class='ocr_par' dir='ltr' id='par_1_11' title="bbox 149 3503 1157 3600">
     <span class='ocr_line' id='line_1_33' title="bbox 149 3503 1157 3600; baseline 0.012 -23"><span class='ocrx_word' id='word_1_214' title='bbox 149 3503 169 3592; x_wconf 70' lang='grc' dir='ltr'><em>ιῗ</em></span> <span class='ocrx_word' id='word_1_215' title='bbox 197 3526 285 3578; x_wconf 85' lang='grc' dir='ltr'><em>ΚΛΝ</em></span> <span class='ocrx_word' id='word_1_216' title='bbox 304 3524 396 3578; x_wconf 73' lang='lat' dir='ltr'>BVat.</span> <span class='ocrx_word' id='word_1_217' title='bbox 421 3524 460 3593; x_wconf 88' lang='lat' dir='ltr'><em>(in</em></span> <span class='ocrx_word' id='word_1_218' title='bbox 478 3525 543 3581; x_wconf 77' lang='lat' dir='ltr'>Vat.</span> <span class='ocrx_word' id='word_1_219' title='bbox 563 3532 655 3600; x_wconf 67' lang='lat' dir='ltr'>corn),</span> <span class='ocrx_word' id='word_1_220' title='bbox 683 3527 735 3599; x_wconf 74' lang='grc' dir='ltr'><em>μὲν</em></span> <span class='ocrx_word' id='word_1_221' title='bbox 758 3535 848 3586; x_wconf 86' lang='lat' dir='ltr'><em>KAN</em></span> <span class='ocrx_word' id='word_1_222' title='bbox 866 3551 892 3586; x_wconf 83' lang='lat' dir='ltr'><em>v.</em></span> <span class='ocrx_word' id='word_1_223' title='bbox 983 3536 1007 3586; x_wconf 84' lang='lat'><em>5.</em></span> <span class='ocrx_word' id='word_1_224' title='bbox 1034 3532 1110 3589; x_wconf 79' lang='grc' dir='ltr'><em>ἔστιν</em></span> <span class='ocrx_word' id='word_1_225' title='bbox 1132 3553 1157 3588; x_wconf 83' lang='lat' dir='ltr'><em>v.</em></span> 
     </span>
    </p>
   </div>
   <div class='ocr_carea' id='block_1_6' title="bbox 72 3634 131 3712">
    <p class='ocr_par' dir='ltr' id='par_1_12' title="bbox 72 3634 131 3712">
     <span class='ocr_line' id='line_1_34' title="bbox 72 3634 131 3712; baseline 0 0"><span class='ocrx_word' id='word_1_226' title='bbox 72 3634 131 3712; x_wconf 60' lang='lat' dir='ltr'>k</span> 
     </span>
    </p>
   </div>
   <div class='ocr_carea' id='block_1_7' title="bbox 0 0 1223 3944">
    <p class='ocr_par' dir='ltr' id='par_1_13' title="bbox 0 0 1223 3944">
     <span class='ocr_line' id='line_1_35' title="bbox 0 0 1223 3944; baseline 0 0"><span class='ocrx_word' id='word_1_227' title='bbox 0 0 1223 3944; x_wconf 95' lang='lat' dir='ltr'><em> </em></span> 
     </span>
    </p>
   </div>
  </div>
 </body>
</html>
