2424 3944
463 174 742 226 PROLEGOMENA.
1044 173 1109 228 XIX

94 331 165 368 nam
188 331 251 367 cum
269 316 355 368 antea
378 313 465 368 etiam
483 313 599 382 reliquis
619 312 775 382 codicibus,
799 313 872 368 inter
890 331 960 382 quos
979 314 1108 369 nonnulli

94 392 168 448 satis
187 391 298 462 antiqui
317 395 394 463 sunt,
418 393 528 462 aliquid
550 393 729 448 auctoritatis
752 393 917 462 tribuerem,
940 411 1015 447 nunc
1037 393 1108 447 mihi
1170 419 1172 422 >

93 473 240 544 persuasi,
262 474 326 528 Uat.
347 479 399 528 204
418 473 508 528 solum
526 473 697 528 recensionis
715 473 930 528 fundamentum
948 490 1016 528 esse.
1054 474 1107 528 hoc

91 553 224 609 intellexi
242 557 353 623 reperta
372 553 569 608 emendatione
583 553 647 622 loci,
667 553 715 621 qui
730 556 774 608 est
786 572 812 622 p.
830 559 947 623 146,16,
967 553 1017 608 ubi
1036 552 1109 608 κατά

94 650 112 688 0
136 632 218 688 codd.
237 632 423 688 deterioribus
447 636 476 688 et
498 633 563 687 Uat.
584 639 637 687 204
660 636 784 688 correcto
807 633 912 703 recepi,
937 651 1109 702 quamquam

92 731 153 768 non
179 713 289 783 placuit
316 718 358 783 (n.
377 732 403 782 p.
423 719 474 767 141
497 715 584 784 000.);
618 713 668 767 sed
696 715 809 768 seruata
837 711 975 782 scriptura
1003 712 1108 768 codicis

93 793 404 848 0002041001εείωο
431 792 588 847 mutatione
612 793 726 864 egregia
749 791 847 848 euadit
870 792 1024 848 sententia:
1051 795 1108 849 καὶ

93 875 157 944 τὴν
181 874 289 944 αὐγὴν
308 875 427 928 εὐθεῖαν
446 870 533 928 οὖσαν
556 871 672 943 (lineam
690 871 907 942 coniungentem
925 870 1048 925 mediam
1066 871 1109 924 lu-

94 971 209 1008 cernam
228 957 257 1007 00
274 953 375 1008 rimam
393 953 517 1008 tabellae
537 955 566 1007 et
583 953 676 1006 lucem
694 951 754 1006 siue
767 954 903 1021 punctum
916 951 1109 1005 illuminatum

92 1033 213 1088 alterius
232 1032 357 1087 tabellae
375 1035 483 1088 rectam
501 1035 579 1102 esse).
610 1032 676 1086 hinc
695 1033 821 1102 adparet,
841 1035 949 1101 quanta
970 1029 1109 1086 distantia

93 1112 161 1167 Uat.
182 1118 234 1166 204
252 1111 352 1166 ceteris
371 1113 542 1182 praestet;*)
560 1112 657 1180 itaque
677 1130 740 1166 cum
759 1129 792 1167 eo
811 1110 992 1166 scribendum

93 1211 122 1262 p.
139 1198 199 1260 146,
215 1199 248 1247 26
269 1192 440 1261 ἐμάστενσαν

93 1291 122 1342 p.
140 1278 231 1342 148,9
268 1271 368 1345 πολλοὶ]
386 1271 519 1336 πολλάκις

93 1371 123 1422 p.
139 1360 199 1422 148,
215 1357 248 1406 17
267 1353 338 1425 ἅμα]
357 1352 544 1408 omittendum

93 1452 122 1502 p.
140 1438 200 1502 160,
215 1439 247 1486 11
268 1435 334 1487 ante
344 1433 419 1502 ὄμμα
429 1432 609 1487 inserendum
618 1431 653 1486 τὰ
663 1430 694 1486 δὲ
704 1430 867 1502 παράλληλα
876 1431 912 1485 τὰ
923 1434 982 1500 ΞΛ,
989 1435 1054 1501 HN,
1061 1438 1110 1486 BA

92 1532 121 1582 p.
139 1518 249 1582 162,10
267 1532 313 1582 μει
328 1533 361 1568 ον
379 1545 415 1553 -
429 1519 461 1567 11
482 1517 512 1566 Η
515 1513 557 1583 Ξ]
577 1511 734 1567 omittenda
752 1511 849 1582 (etiarn
868 1515 896 1581 v)

92 1612 121 1662 p.
139 1598 248 1662 162,13
266 1595 315 1648 καὶ
334 1592 418 1666 οὕτω]
438 1593 596 1649 omittenda
615 1591 712 1662 (etiam
730 1595 758 1660 v)

92 1694 120 1744 p.
138 1679 248 1739 162,14
265 1673 301 1727 τὰ
319 1671 438 1746 μεγέθη]
458 1672 617 1728 omittenda

92 1771 120 1822 p.
138 1759 200 1820 164,
216 1759 249 1807 aa
269 1755 365 1826 aaz]
380 1759 488 1808 Arra·

92 1852 120 1902 p.
139 1838 199 1901 166,
215 1838 249 1886 20
269 1829 308 1889 ὦν
327 1867 360 1875 -
379 1853 406 1903 p.
427 1840 488 1903 168,
509 1839 525 1887 8
549 1831 698 1904 φαίνεται]
726 1831 830 1884 οόιιοῦν
853 1839 908 1885 τῶν
931 1829 989 1884 ἀπὸ
1012 1838 1061 1884 τοῦ
1086 1835 1111 1883 Β

271 1913 392 1983 ὄμματος
406 1914 476 1983 πρὸς
484 1914 516 1969 τὸ
528 1918 584 1968 ΓΚ
595 1911 730 1967 ἐπίπεδον
742 1920 975 1979 προσπιπτουσῶν
985 1908 1107 1965 ἀκτίνων

270 1992 455 2064 μετεωροτέρα
470 1994 564 2065 turba)
582 1994 600 2064 ἡ
616 1999 671 2048 ΒΓ
685 1991 756 2060 ἤπερ
775 1990 793 2059 ἡ
809 1994 871 2043 ΒΖ·
892 1988 993 2059 ὁμοίως
1007 1990 1042 2060 δὴ
1059 1989 1108 2044 καὶ

271 2074 390 2130 ἐπὶτῶν
409 2073 479 2144 ἑξῆς.
508 2075 613 2129 odacar
631 2075 663 2130 τὸ
682 2071 734 2143 μὲν
754 2077 781 2127 Γ
795 2081 844 2127 τοῦ
866 2077 887 2126 Ζ
905 2071 1107 2142 μετεωρότερον

272 2164 412 2224 φανεῖται,
429 2155 462 2210 τὸ
481 2151 512 2208 δὲ
534 2158 555 2208 Ζ
573 2162 622 2209 τοῦ
641 2161 675 2222 A,
693 2153 724 2208 τό
743 2150 775 2207 δὲ
794 2158 820 2206 A
837 2161 887 2206 τοῦ
906 2157 939 2206 Κ.
972 2152 1014 2206 ita
1034 2151 1109 2206 enim

270 2236 330 2290 cod.
345 2234 433 2290 Paria.
449 2241 518 2289 2342
537 2233 602 2304 (nisi
616 2234 692 2302 quod
710 2228 833 2287 ἀκτίνων
847 2231 1036 2301 μετεωροτότη
1053 2229 1109 2285 ἐστὶ

268 2314 367 2385 habet)
385 2312 483 2369 addito
501 2323 582 2370 τοῦτο
602 2315 675 2384 ζήτει
693 2314 780 2374 ἄλλως
798 2311 856 2366 ἀπὸ
875 2312 959 2368 ἄλλον
974 2311 1107 2383 ἀντιγρά-

270 2432 326 2481 pov
341 2412 372 2466 ἐν
385 2417 423 2485 τῷ
433 2409 515 2486 ἑτέρῳ
529 2410 606 2482 μέρει
620 2412 651 2467 ἐν
661 2409 764 2485 σημείῳ
776 2395 859 2499 Η,
874 2414 903 2464 00
919 2411 961 2464 ita
975 2410 1108 2464 habuisse

270 2508 296 2563 V
320 2526 335 2564 e
357 2509 486 2580 uestigiis
509 2527 559 2579 pro
583 2513 658 2564 certo
682 2508 832 2583 colligitur.
880 2512 941 2562 tum
966 2507 996 2562 in
1018 2507 1108 2577 figura

273 2606 336 2643 cum
351 2590 411 2645 cod.
422 2589 510 2644 Paris.
523 2595 592 2644 2342
606 2587 810 2659 permutandae
827 2592 848 2642 Z
866 2592 896 2642 et
908 2595 946 2655 A,
965 2606 992 2657 p.
1004 2593 1063 2656 106,
1075 2592 1109 2640 20

270 2686 321 2738 pro
340 2674 397 2738 BA,
412 2673 470 2738 ΒΖ,
487 2675 542 2724 ΒΚ
558 2669 610 2739 (ita
623 2669 711 2724 Paris.
727 2672 808 2739 2342)
827 2667 1033 2738 exspectaueris
1048 2670 1107 2734 ΒΖ,

271 2755 336 2818 BA,
355 2755 421 2819 BK,
445 2750 495 2804 sed
514 2751 561 2805 cfr.
581 2769 607 2818 p.
625 2755 746 2819 168,13,
770 2748 819 2802 nbi
839 2765 853 2802 0
872 2748 898 2801 V
916 2746 1109 2817 recipiendum

270 2832 340 2899 puto
360 2835 419 2899 ΒΓ,
434 2836 494 2885 BA.

89 2930 119 2981 p.
138 2914 201 2977 168,
218 2913 253 2963 14
272 2904 311 2964 ὦν
325 2941 361 2949 -
374 2915 407 2963 21
424 2909 534 2982 ὁρᾶται]
555 2912 659 2965 οὐκοῦν
677 2908 862 2979 ταπεινοτάτη
881 2917 937 2962 τῶν
950 2907 1008 2961 ἀπὸ
1022 2914 1071 2959 τοῦ
1087 2910 1108 2958 Β

273 2989 395 3058 ὄμματος
406 2991 476 3058 πρὸς
484 2991 515 3044 τὸ
526 2995 580 3044 AZ
594 2987 729 3045 ἐπίπεδον
743 2995 976 3058 προσπιπτουσῶν
985 2983 1109 3041 ἀκτίνων

274 3069 347 3124 ἐστὶν
364 3069 382 3138 ἡ
402 3075 459 3137 BA,
478 3072 527 3124 aul
545 3071 690 3138 ἀπώτερον
708 3067 841 3139 φαίνεται
858 3066 889 3121 τὸ
909 3072 946 3120 A·
966 3066 998 3119 τὸ
1014 3072 1039 3120 Δ
1053 3065 1109 3136 ὄρα

271 3149 469 3218 ταπεινότερον
492 3148 625 3219 φαίνεται
646 3159 695 3205 τοῦ
716 3154 752 3218 Γ,
779 3149 810 3202 τὸ
832 3144 863 3201 δὲ
884 3150 911 3199 Γ
929 3155 979 3200 τοῦ
1001 3151 1029 3200 Ζ.
1067 3147 1109 3202 ita

271 3229 358 3284 etiam
376 3228 463 3283 Paris.
483 3235 561 3286 2342.

167 3373 195 3441 *)
209 3371 298 3427 Simul
312 3373 439 3441 adparet,
454 3387 569 3425 manum
582 3388 635 3426 rec.
650 3370 756 3425 nullius
770 3369 906 3423 momenti
921 3385 989 3439 esse,
1005 3370 1109 3439 quippe

91 3461 169 3516 quae
189 3446 242 3498 aut
259 3442 411 3513 scripturas
433 3441 560 3497 codicum
584 3443 753 3497 deteriorum
776 3440 903 3495 intrudat
926 3442 977 3495 aut
1000 3441 1034 3494 de
1059 3458 1108 3494 suo

91 3513 258 3585 interpolet.

911 3603 929 3654 b
936 3602 949 3631 ¹3
