2424 3944
458 187 690 241 CATOPTRIOA.
1011 186 1076 251 319

62 331 206 415 refracti,
230 335 379 396 cernatur
402 336 511 395 autem
533 336 614 417 ΛΕ,
639 338 672 396 et
695 354 714 394 a
739 336 768 396 Θ
791 336 901 396 centro
925 332 965 396 ad
986 337 1028 414 A,
1047 337 1079 396 Ε

63 439 224 503 ducantur
250 441 325 523 ΘΛ,
345 441 421 523 ΘΕ,
447 440 480 500 et
501 437 584 501 radii
606 438 826 521 producantur
848 438 888 502 ad
913 442 952 522 Z,
972 442 1019 523 H,
1044 443 1076 503 et

62 545 200 609 dueatur
222 542 331 628 imago
357 546 432 606 ZH.
478 543 589 627 itaque
611 549 646 606 A
672 543 706 607 in
729 548 778 629 H,
805 548 837 607 Ε
857 548 966 608 autern
989 545 1025 608 in
1048 549 1076 608 Z

61 650 204 735 adparet.
237 670 315 734 ergo
333 653 443 733 partes
462 649 593 714 dextrae
613 649 773 735 sinistrae,
796 649 946 715 sinistrae
966 655 1075 715 autem

56 2193 187 2256 dextrae
207 2194 371 2277 adparent.
409 2192 490 2278 diae,
508 2214 577 2257 esse
596 2197 663 2257 EA
676 2203 710 2266 >
726 2196 757 2256 A
764 2197 799 2256 Z.
832 2192 968 2257 dueatur
982 2193 1068 2259 enim

54 2320 113 2384 per
131 2305 164 2363 A
182 2322 293 2365 areum
312 2300 504 2386 contingens
524 2304 627 2365 PAK.
660 2300 726 2365 iam
745 2299 897 2385 quoniam
916 2305 987 2385 BA,
1001 2307 1070 2366 ΑΕ

55 2405 95 2469 ad
129 2404 288 2471 ambitum
319 2406 470 2490 aequales
503 2408 639 2492 angulos
677 2407 823 2472 efficiunt
854 2411 987 2491 propter
1019 2430 1067 2472 re-

53 2512 261 2597 fractionem,
291 2516 396 2577 KAP
424 2517 533 2577 autem
561 2513 736 2599 contingit,
768 2517 870 2588 [ΕΑ
876 2517 903 2576 Ζ
929 2513 965 2576 in
987 2513 1066 2578 duas

55 2624 165 2702 partes
180 2619 329 2703 aequales
345 2619 469 2683 diuisus
484 2618 554 2683 erit.
587 2626 620 2683 et
639 2622 705 2695 LK
721 2619 857 2684 obtusus
877 2624 934 2683 est.
968 2641 1066 2703 quare

50 2728 169 2798 ΕΚ)
184 2729 257 2790 KZ.
314 2726 424 2810 itaque
456 2726 560 2791 multo
593 2726 698 2811 magis
730 2730 843 2800 EA>
858 2729 932 2790 AZ.
987 2749 1065 2812 ergo

52 2831 163 2916 imago
184 2837 257 2896 ZH
275 2833 382 2897 minus
406 2856 426 2898 a
448 2832 580 2917 speculo
604 2833 718 2917 distat3
742 2834 797 2897 sed
818 2835 904 2917 quod
923 2834 1066 2899 cernitur

52 2942 133 3022 EA,
156 2938 260 3002 maius
284 2943 342 3004 est.

531 3100 583 3164 21.

119 3219 159 3284 In
191 3221 331 3305 speculis
365 3221 517 3286 conuexis
545 3222 655 3309 imago
684 3221 790 3286 minor
817 3226 867 3286 est
895 3245 947 3308 eu,
979 3224 1063 3308 quod

51 3327 201 3393 cernitur.
1008 3343 1010 3348 '

117 3434 161 3498 sit
176 3434 261 3498 enim
272 3438 378 3500 ΑΟΓ
390 3436 556 3519 speculum
571 3458 760 3521 connexum,
775 3436 886 3501 oculus
902 3442 1011 3502 autern
1025 3441 1064 3521 Β,

49 3545 83 3606 et
115 3540 197 3606 radii
225 3546 300 3628 BA,
324 3545 391 3606 ΒΓ
419 3543 458 3607 ad
485 3548 531 3629 A,
555 3549 587 3609 Ε
615 3543 756 3609 refracti.
808 3543 918 3628 itaque
945 3549 1013 3609 EA
1045 3567 1064 3609 a
