2424 3944
287 129 444 182 scnomA
462 132 500 182 ια
519 130 687 182 ωυοτωιο
707 129 845 185 οντων.
1011 129 1076 194 135

128 273 180 337 49.
211 271 450 357 Συμβάλλουσι
469 275 510 358 δή
530 272 687 356 ἀλλήλαις
703 297 734 358 p.
748 275 801 359 44,
821 274 855 360 3]
876 276 964 340 διότι
983 273 1076 339 έλάτ-
1151 352 1153 357 ,

59 401 140 455 τους
164 377 227 444 είσλ
249 383 270 463 β
290 379 405 465 ὀρθῶν
424 381 461 444 αί
477 385 516 463 Β,
533 382 565 443 Γ
578 383 695 461 γωνίαι
715 382 770 444 διά
785 382 822 445 τὸ
836 380 908 446 κατ’
927 381 1078 464 ἀνάγκην

60 493 119 568 τής
143 485 230 568 άφής
253 493 311 567 τής
334 482 510 571 διαμέτρου
534 494 594 549 τοῦ
616 486 740 549 κύκλου
764 490 912 570 μείζονος
935 489 1046 571 οὔσης.

129 610 181 674 50.
214 611 259 674 El
285 610 348 695 γὰρ
377 610 417 674 οὐ
446 609 664 693 συνέβαλλον,
691 603 733 692 ἦν
756 608 798 674 ἀν
821 586 1074 697 παράλληλοςή

60 716 105 799 [Β
113 716 154 800 Ζ]
174 726 213 802 τή
234 719 304 799 ΓΖ,
325 714 435 781 καὶτὸ
456 716 623 800 [AE]BZ
642 719 995 803 παραλληλόγραμμον,
1018 717 1076 784 καλ
1111 731 1130 780 σ

62 822 82 906 ή
99 823 274 908 διάμετρος
293 829 347 906 ίση
367 822 442 910 [τῷ]
462 825 671 906 διαστήματι·
691 822 799 908 [ὅπερ]
820 824 881 907 οὐχ
894 825 1074 890 ὑπόκειται.

128 949 181 1013 51.
213 949 282 1011 Διὰ
309 952 344 1012 τί
368 957 633 1033 προσπεσοῦνται
660 950 697 1012 αί
722 953 799 1031 ΒΕ,
823 951 897 1028 ΓΛ;
943 947 1012 1013 ἐπεὶ
1036 950 1075 1013 τὸ

61 1066 128 1119 τῶν
152 1054 307 1139 ὀμμάτων
326 1054 490 1138 διάστημα
507 1057 618 1138 μεῖζόν
637 1054 705 1119 ἐστι
728 1053 783 1119 καλ
801 1055 1014 1141 παράλληλον
1035 1065 1075 1140 τῇ

61 1159 225 1248 διαμέτρῳ
254 1169 311 1244 τής
336 1163 494 1245 σφαίρας,
527 1159 711 1244 έφάψονται
739 1158 775 1225 δὲ
803 1163 840 1225 αί
865 1161 994 1238 ἀκτῖνες
1016 1171 1076 1245 τής

59 1271 206 1352 σφαίρας
228 1268 310 1331 κατά
332 1266 455 1352 πέρατα
478 1266 657 1353 διαμέτρου
680 1268 918 1344 κάκλουτινὸς
945 1279 1012 1332 τῶν
1037 1267 1074 1332 έν
1093 1281 1129 1330 10

59 1383 99 1459 πή
128 1378 254 1461 σφαίρᾳ
282 1373 454 1450 ἐλάττονος
481 1372 536 1438 καὶ
563 1376 776 1460 παραλλήλου
803 1375 904 1457 οὔσης
932 1384 977 1462 τῷ
1002 1376 1075 1445 δια-

58 1483 199 1564 στήματι
232 1491 299 1544 τῶν
327 1479 495 1564 ὀμμάτων,
529 1479 598 1546 ἐπεὶ
629 1480 684 1545 καὶ
716 1490 774 1564 τῆς
806 1479 983 1567 διαμέτρου
1016 1491 1075 1564 τῆς

58 1589 206 1671 σφαίρας
230 1585 378 1652 ἐλάσσων
402 1587 485 1670 αὕτη
510 1585 578 1651 ἐστὶ
602 1584 657 1651 καὶ
680 1587 899 1673 παράλληλος,
921 1585 977 1651 καὶ
999 1586 1073 1671 οὐχὶ

57 1693 143 1758 κατά
170 1694 211 1758 τά
233 1692 357 1779 πέρατα
384 1703 442 1778 της
465 1692 644 1779 διαμέτρου
672 1702 729 1777 τής
757 1697 914 1780 σφαίρας,
942 1695 979 1758 αί
1005 1692 1073 1758 ἑπι-

58 1803 235 1881 ζευννῦσαι
249 1801 307 1877 τάς
320 1804 552 1884 παραλλήλους
565 1799 636 1884 μέν,
654 1801 698 1883 μή
714 1805 788 1876 ίσας
801 1798 848 1883 δέ,
865 1800 926 1865 οὐκ
940 1802 1071 1864 έσονται
1092 1814 1128 1863 15

56 1906 272 1991 παράλληλοι.
307 1915 551 1993 συμπεσοῦνται
566 1909 631 1992 ἀρα
650 1908 687 1971 αί
698 1911 772 1990 ΒΕ,
789 1910 857 1971 ΓΛ.
889 1907 941 1972 ὅτι
959 1903 996 1971 δὲ
1011 1907 1073 1971 οὐκ

57 2012 244 2096 έφάψονται
266 2014 348 2078 κατά
367 2016 407 2079 τδι
426 2012 549 2100 πέρατα
567 2022 625 2097 τῆς
644 2012 822 2099 διαμέτρου
841 2022 898 2097 τής
917 2016 1072 2099 σφαίρας,

57 2121 220 2203 φανερόν·
236 2122 267 2184 εί
274 2121 337 2205 γὰρ
348 2119 533 2204 έφάψονται
546 2120 628 2184 κατά
640 2120 680 2184 τά
689 2118 813 2206 πέρατα
826 2130 884 2204 της
893 2120 1072 2206 διαμέτρου

55 2234 116 2309 τῆς
140 2229 298 2312 σφαίρας,
322 2228 438 2292 διὰτὸ
462 2226 509 2311 ιη’
529 2236 589 2292 τοῦ
611 2225 646 2309 γ’
669 2237 736 2291 τῶν
760 2231 942 2310 Στοιχείων
966 2227 1073 2314 ὀρθάς

54 2333 188 2415 ποιήσει
211 2335 334 2415 γωνίας
356 2333 376 2416 ή
401 2331 609 2418 ἐφαπτομένη
632 2334 712 2417 μετά
735 2343 793 2417 της
812 2332 989 2419 διαμέτρου
1013 2344 1072 2418 τῆς
1090 2347 1126 2396 20

55 2442 215 2524 σφαίρας·
240 2440 277 2503 αί
298 2436 335 2504 δὲ
358 2439 421 2505 ἀπὸ
445 2441 507 2505 δύο
531 2440 646 2526 ὀρθῶν
670 2439 903 2524 ἐκβαλλόμεναι
928 2440 968 2504 οὐ
989 2455 1072 2523 συμ-

54 2544 1151 2642 mmffmmmmmfflwmm—

42 2652 216 2736 ἀκτίνων,
244 2661 304 2716 τοῦ
328 2654 547 2736 διαστήματος
569 2666 635 2718 τῶν
659 2652 813 2736 ὀμμάτων
840 2651 895 2717 καὶ
919 2661 976 2736 της
999 2652 1072 2717 δια-

54 2757 179 2844 μέτρου
202 2768 260 2842 τής
283 2763 428 2844 σφαίρας
446 2762 686 2846 περιεχόμενον.
723 2769 790 2823 τῶν
809 2756 845 2823 δὲ
863 2763 1071 2844 παραλληλο-

54 2865 218 2950 γράμμων
251 2867 288 2929 οιί
313 2865 511 2931 ἀπεναντίον
543 2863 682 2950 πλευραὶ
711 2870 779 2929 ίσαι
806 2865 963 2949 ἀλλήλαις
991 2867 1072 2930 είσί·“
1089 2879 1125 2928 25
1157 2854 1159 2860 ¹

53 2977 133 3036 ἴσον
161 2973 225 3057 ἀρα
252 2973 289 3036 τὸ
317 2984 384 3037 τῶν
408 2972 563 3057 ὀμμάτων
590 2972 753 3056 διάστημα
780 2973 817 3037 τὸ
841 2975 909 3036 ΒΓ
931 2982 970 3058 τῇ
998 2975 1071 3037 δια-

51 3077 164 3166 μέτρῳ
183 3087 241 3162 τῆς
256 3083 411 3164 σφαίρας·
432 3080 510 3165 ὅπερ
526 3079 586 3163 οὐχ
600 3080 779 3144 ὑπόκειται.
808 3078 869 3143 οὐκ
884 3078 1070 3163 έφάψονται

51 3186 121 3269 ἀρα
144 3187 227 3250 κατά
250 3187 290 3250 τά
313 3186 437 3272 πέρατα
459 3195 517 3269 τής
540 3185 717 3272 διαμέτρου
741 3196 798 3270 τῆς
822 3190 974 3272 σφαίρας.

128 3347 171 3397 49.
190 3342 239 3398 Vb.
314 3348 354 3397 50.
375 3341 423 3396 Vb.
498 3347 539 3396 51.
559 3343 605 3398 V¹1

128 3490 162 3538 27
191 3483 258 3553 ὅπερ
278 3486 328 3556 οὐχ
347 3483 504 3555 ὑπόκειται]
524 3501 677 3553 suprascr.
