2424 3944
297 138 507 190 ornoosuu
525 138 703 190 anonnsm
722 139 887 191 nunonis.
1032 136 1097 200 241

567 336 619 399 52.

155 459 355 546 Magnitudo,
379 480 460 541 quae
480 458 631 543 cernitur,
654 458 748 522 oculo
771 457 801 522 ei
820 458 1099 543 adpropinquante

88 572 186 632 auota
209 589 278 631 esse
304 565 473 630 uidebitur.

158 673 251 738 ooulo
275 673 361 737 enim
383 673 418 736 in
439 676 466 736 Z
488 672 596 756 posito
619 676 768 736 cernatur
786 660 854 735 ΒΓ
872 694 891 735 a
908 670 1007 735 radiis
1029 675 1100 756 ZB,

92 783 161 865 ΖΓ,
185 785 218 844 et
237 780 349 844 oculus
369 778 626 864 magnitudinem
641 780 708 842 ΒΓ
720 777 854 862 propius
869 781 1100 861 transponatur

89 888 197 970 sitque
220 886 256 949 in
277 892 323 971 A,
351 890 383 950 et
406 886 517 950 eadem
543 885 735 970 magnitudo
762 908 782 949 a
808 884 906 949 radiis
930 889 1010 968 AB,
1033 887 1106 949 ΛΓ

89 1016 166 1058 oern
187 998 249 1056 tur.
299 993 409 1075 itaque
437 997 506 1067 LA
519 1002 553 1066 >
571 996 605 1056 Z.
657 1012 737 1075 quae
766 995 875 1056 autem
903 991 943 1055 ab
972 991 1100 1076 angulis

89 1099 269 1164 maioribus
289 1103 472 1183 cernuntur,
491 1099 614 1162 maiora
633 1099 797 1181 adparent.
830 1120 908 1184 ergo
923 1101 992 1163 ΒΓ
1006 1098 1100 1162 oculo

88 1207 126 1270 in
149 1213 181 1270 A
203 1205 311 1291 posito
335 1203 439 1268 maior
463 1226 532 1268 esse
556 1203 722 1268 uidebitur
745 1225 843 1287 quam
864 1204 900 1266 in
924 1208 960 1267 Z.

570 1453 621 1518 53.

158 1577 421 1664 Magnitudinum
440 1576 568 1660 aequali
587 1576 751 1641 eeleritate
770 1580 933 1640 motarum
951 1575 1103 1640 remotio·

443 1706 494 1748 res
518 1683 642 1747 tardius
666 1683 791 1747 moueri
813 1682 973 1746 uidentur.

257 1781 288 1836 Α
360 1779 388 1835 2
500 1794 693 1854 moueantur
721 1790 807 1853 enim
841 1789 968 1874 aequali
993 1789 1105 1854 eeleri-

443 1900 510 1960 tate
525 1900 562 1980 B,
573 1899 608 1959 K
623 1897 663 1960 ad
676 1901 785 1980 partes
802 1900 836 1981 Z,
856 1901 889 1960 et
903 1897 943 1960 ab
958 1902 991 1959 A
1010 1896 1105 1960 ooulo

348 2041 352 2054 ·
442 2002 525 2067 radii
548 2003 706 2067 duoantur
729 2006 808 2088 ΑΓ,
831 2008 909 2087 AA,
932 2009 965 2066 A
972 2007 1006 2066 Z.
1045 2002 1105 2066 ita-

443 2131 504 2192 que
530 2112 565 2172 K
593 2110 701 2174 radios
734 2110 774 2173 ab
801 2116 833 2173 A
865 2110 958 2174 oculo
990 2110 1105 2174 ductos

442 2216 584 2280 minores
621 2216 756 2281 habebit
792 2238 889 2300 quam
925 2221 962 2280 B.
1026 2239 1106 2304 ergo

237 2360 271 2416 Α
443 2322 632 2387 distantiam
665 2322 823 2387 minorem
851 2323 1032 2407 permeabit
1064 2328 1106 2405 et,

445 2450 519 2493 oum
532 2429 638 2493 uisum
653 2435 685 2492 A
692 2433 719 2492 Z
736 2429 826 2513 prius
840 2429 1106 2515 transgrediatur,

91 2533 230 2599 celerius
254 2533 378 2597 moueri
401 2534 573 2600 uidebitur.

573 2784 626 2849 54.

165 2905 231 2971 Ubi
254 2905 370 2972 'oculus
393 2913 685 2992 praetermouetur,
713 2930 779 2991 res,
812 2929 892 2992 quae
915 2905 1106 2971 remotiores

92 3018 286 3099 cernuntur,
308 3036 473 3079 remanere
496 3015 700 3079 uidebuntur.

134 3283 176 3332 13.
196 3277 286 3350 ὄντος]
306 3295 374 3332 corr.
386 3293 419 3331 ex
438 3278 560 3346 ὄμματος
578 3278 611 3334 V.
667 3283 709 3332 14.
728 3277 787 3349 vy']
806 3277 893 3346 ξα’ρ;
913 3277 985 3346 g'V,
998 3282 1060 3332 ml
1076 3294 1107 3344 νς

95 3349 139 3414 vg'
155 3367 191 3404 m.
212 3355 227 3402 2
247 3368 272 3403 v.
365 3354 405 3403 18.
430 3350 499 3421 ΑΓ]
524 3366 580 3418 seq.
600 3366 653 3403 ras.
674 3356 688 3402 1
708 3347 764 3403 litt.
783 3349 816 3418 V,
842 3365 909 3402 corr.
930 3364 964 3402 ex
982 3352 1066 3402 ΑΒΓ
1080 3366 1107 3402 v.

133 3426 176 3474 21.
200 3419 248 3475 καί
271 3453 304 3461 -
324 3427 366 3475 22.
391 3417 545 3493 φέρεσθαι]
570 3437 623 3476 om.
642 3421 675 3476 V.
766 3426 807 3475 21.
831 3418 1033 3490 παραλλάσσων
1056 3438 1107 3488 Vp.

134 3497 175 3545 23.
196 3493 256 3564 τπδ’]
275 3492 319 3563 ξβ’
335 3510 366 3561 p,
385 3492 432 3557 ξα’
448 3493 481 3563 V,
502 3493 549 3562 νῆ’
565 3491 595 3546 in
613 3509 667 3547 ras.
686 3511 722 3547 m.
743 3497 758 3546 2
777 3510 803 3547 v.

150 3591 303 3645 naereses,
322 3593 372 3632 esu
389 3594 492 3645 Herberg
506 3596 529 3634 et
542 3593 633 3646 Menoe.
656 3593 716 3638 vn.
926 3588 966 3635 &b
