2424 3944
156 163 220 228 238
367 164 576 217 OPTICORL'M
594 163 770 218 REGENSIO
790 163 958 216 THEONIS.

640 384 683 424 v.

219 484 295 551 Ἐἀν
318 509 420 551 τινων
443 482 636 569 φερομένων
659 487 823 550 πλειόνων
845 484 950 572 ἀνίσῳ
974 484 1068 569 τάχει
1092 503 1170 570 συμ·

156 592 386 679 παραφέρηται
418 589 470 656 ἐπὶ
497 592 537 655 τά
565 592 648 656 αὐτὰ
679 589 735 655 καὶ
762 593 799 656 τὸ
828 593 931 676 ὄμμα,
963 592 1004 656 τά
1032 588 1095 676 μὲν
1126 601 1169 680 τῷ

157 703 276 785 ὄμματι
301 702 459 782 ἰσοταχῶς
486 700 652 783 φερόμενα
677 696 765 775 δόξει
789 696 938 780 ἑστάναι,
965 698 1007 763 τά
1031 695 1069 763 δὲ
1092 702 1169 784 βρα-

121 798 297 892 σδύτερον
324 807 371 881 είς
398 805 595 869 τούναντίον
623 803 802 890 φέρεσθαι,
834 806 875 869 τά
902 800 939 868 δὲ
966 809 1098 870 θᾶττον
1127 807 1170 882 είς

155 914 195 977 τά
217 912 457 996 προηγούμενα.

222 1017 376 1102 φερέσθω
390 1019 453 1102 γὰρ
469 1017 572 1104 ἀνίσω
587 1018 881 1102 τάχειτάΒ,Γ,Λ,
938 1005 978 1071 Β
1030 1008 1070 1074 Γ
1137 1008 1166 1072 Δ

154 1123 210 1189 καὶ
232 1125 422 1209 βραδύτατα
444 1121 505 1208 μὲν
532 1123 686 1209 φερέσθω
710 1127 747 1189 τὸ
771 1129 815 1208 Β,
844 1125 881 1189 τὸ

156 1227 192 1295 δὲ
217 1234 249 1295 Γ
267 1233 425 1314 ἰσοταχῶς
447 1239 493 1318 τῷ
517 1233 552 1293 K
571 1232 705 1315 ὄμματι,
732 1233 769 1296 τὸ
793 1228 830 1296 δὲ
848 1237 881 1295 A

103 1354 136 1402 10
154 1343 280 1402 θᾶττον
303 1346 362 1401 τοῦ
387 1340 423 1419 Γ,
454 1336 517 1402 ἀπὸ
541 1334 578 1402 δὲ
600 1347 660 1402 τοῦ
683 1341 718 1402 Κ
738 1340 882 1422 ὄμματος

154 1442 447 1528 προσπιπτέτωσαν
478 1443 607 1520 ἀκτῖνες
637 1445 675 1509 αί
700 1448 781 1528 ΚΒ,
805 1447 880 1527 ΚΓ,

155 1554 233 1615 ΚΔ.
284 1550 407 1614 οὐκοῦν
440 1559 500 1614 τοῦ
534 1552 678 1635 ὄμματος
710 1569 880 1636 συμπαρα-
1042 1570 1092 1638 K

156 1655 341 1742 φερομένου
365 1668 434 1732 τοῖς
452 1661 492 1738 Β,
512 1660 548 1741 Γ,
567 1662 600 1720 A
622 1659 659 1722 τὸ
678 1654 738 1742 μὲν
754 1662 786 1724 Γ
798 1659 880 1723 κατά

155 1765 216 1847 τὴν
240 1766 308 1828 ΓΚ
334 1761 385 1827 ἀεὶ
412 1766 598 1849 φερόμενον
625 1762 757 1829 ἑστάναι
781 1762 883 1847 δόξει,
912 1765 950 1829 τὸ
974 1761 1013 1830 δὲ
1036 1769 1064 1830 Β
1088 1767 1162 1832 ὑπο-

103 1885 136 1933 15
156 1873 351 1954 λειπόμενον
377 1872 425 1946 είς
451 1870 648 1935 τούναντίον
678 1869 765 1949 δόξει
793 1869 971 1956 φέρεσθαι,
999 1874 1038 1938 τὸ
1067 1869 1103 1937 δέ
1124 1876 1161 1955 Δ,

155 1974 225 2040 ἐπεὶ
251 1983 378 2041 θᾶττον
404 1985 464 2041 τοῦ
494 1980 526 2041 Γ
548 1975 697 2062 φέρεται,
727 1975 815 2055 δόξει
843 1979 890 2054 είς
917 1979 1160 2064 τοῦμπροσθεν·

154 2087 269 2146 πλεῖον
292 2082 355 2167 γάρ
379 2081 442 2147 ἀπὸ
466 2092 526 2147 τοῦ
552 2086 584 2147 Γ
602 2082 829 2166 ἀποστήσεται.

629 2338 694 2378 να.

219 2435 295 2501 Ἐἀν
318 2461 420 2502 τινων
443 2437 636 2524 φερομένων
659 2439 877 2521 διαφαίνηταί
897 2460 929 2502 τι
957 2440 1002 2523 μὴ
1030 2442 1159 2525 φερόμε-

102 2557 135 2607 20
153 2567 229 2627 νον,
253 2542 340 2622 δόξει
364 2546 400 2609 τὸ
423 2546 467 2629 μὴ
491 2547 676 2630 φερόμενον
699 2547 746 2621 είς
768 2544 967 2609 τούναντίον
991 2544 1158 2631 φέρεσθαι.

221 2649 376 2736 φερέσθω
399 2653 462 2737 γάρ
486 2652 525 2715 τά
549 2656 591 2734 Β,
611 2656 659 2735 A,
688 2649 810 2735 μενέτω
834 2647 871 2715 δὲ
896 2652 933 2716 τὸ
958 2654 996 2735 Γ,
1024 2650 1080 2716 καὶ
1102 2650 1157 2716 ἀπὸ

154 2765 214 2821 τοῦ
240 2762 267 2820 Ζ
291 2759 434 2842 ὄμματος
458 2755 752 2843 προσπιπτέτωσαν
779 2756 908 2834 ἀκτῖνες
935 2759 973 2823 αί
998 2763 1076 2843 ΖΒ,
1096 2759 1157 2839 ΖΓ,

156 2867 226 2928 ZA.
263 2864 387 2928 οὐκοῦν
410 2866 447 2929 τὸ
470 2862 530 2949 μὲν
550 2869 578 2928 Β
602 2867 786 2950 φερόμενον
810 2867 922 2947 ἔγγιον
941 2866 1034 2930 ἔσται
1052 2866 1156 2946 τοῦΓ,

154 2970 191 3034 τὸ
224 2966 260 3034 δὲ
287 2976 321 3034 A
348 2970 545 3058 ἀποχωροῦν
572 2972 791 3058 πορρώτερον.
846 2972 930 3037 ὥστε
958 2969 1046 3049 δόξει
1073 2973 1108 3037 τὸ
1133 2971 1160 3034 Γ

101 3087 135 3136 25
154 3077 201 3151 είς
223 3077 420 3143 τούναντίον
443 3078 615 3164 φέρεσθαι.

226 3304 1153 3377 1ν]νηρνζό1ω11ννδεωὶν2.σνμπαρα·

156 3372 281 3445 φέρειται
299 3394 325 3445 v,
348 3393 415 3431 corr.
435 3395 471 3432 m.
492 3383 516 3432 1
602 3382 625 3432 3.
644 3375 688 3449 τό]
706 3393 776 3431 corr.
797 3392 831 3430 ex
848 3376 937 3450 τῷόῙ.
1020 3380 1070 3451 τω]
1086 3375 1151 3431 τότ

188 3453 212 3500 4.
233 3420 384 3515 φερόμενοι
402 3448 435 3517 V,
456 3449 504 3502 sed
524 3465 591 3504 corr
665 3454 689 3503 5.
709 3431 875 3516 φαίρεσθαι
883 3466 909 3503 V.
981 3454 1005 3504 9.
1025 3433 1106 3504 ἰσωτα
1107 3455 1152 3519 χῶς

153 3517 186 3587 V,
207 3518 256 3571 sed
271 3534 339 3572 corr
354 3525 426 3574 m.1
483 3526 525 3574 11
545 3520 610 3590 ΚΒ]
629 3524 758 3587 BKseq.
773 3519 826 3574 lac.
839 3526 853 3572 1
872 3517 929 3574 litt.
949 3537 975 3575 v.
1033 3526 1073 3575 14.
1092 3468 1150 3587 ΓΚ]
