2424 3944
275 145 484 197 orricoauu
502 145 681 198 sacurem
700 145 866 200 annonis.
1014 144 1075 208 171

546 307 596 370 12.

130 410 407 497 Magnitudinum‚
441 434 522 497 quae
551 412 591 477 ad
617 417 728 497 partes
756 414 933 479 anteriores
962 437 1075 480 uersus

61 517 302 603 longitudinem
320 517 451 602 habent,
474 540 521 603 ea,
540 540 621 602 quae
641 520 681 584 ad
700 519 845 584 dextram
863 520 971 605 posita
991 527 1075 606 sunt,

64 625 105 688 ad
128 628 255 708 partem
279 624 447 689 sinistram
470 626 582 690 cedere
604 624 770 710 uidentur,
797 637 889 710 quae*
903 631 1011 692 autern
1035 628 1076 693 ad

64 730 232 795 sinistram
255 730 364 814 posita
387 735 472 816 sunt,
495 732 536 796 ad
557 736 684 816 partem
707 732 861 797 dextram.

130 842 305 902 cernantur
328 837 414 903 enirn
437 841 514 923 ΒΓ,
533 843 566 902 A
573 843 613 923 Z,
641 838 752 904 oculus
780 843 890 904 autem
917 840 961 905 sit
983 843 1029 926 Κ,
1057 863 1076 904 a

63 966 127 1028 quo
152 943 235 1008 radii
258 944 409 1009 adeidant
429 947 464 1008 K
467 948 504 1030 Γ,
521 948 600 1030 ΚΑ,
618 948 693 1029 ΚΒ,
711 948 786 1031 KZ,
805 949 885 1032 ΚΗ,
903 949 980 1011 ΚΔ.
1016 947 1078 1012 ita-

62 1073 124 1135 que
152 1056 310 1135 punetum
337 1057 370 1115 A
403 1053 442 1116 ad
468 1055 578 1136 partes
606 1052 755 1117 sinistras
783 1053 918 1119 ¹cessisse
945 1053 1075 1119 uidetur

63 1158 168 1243 magis
192 1179 290 1242 quarn
312 1161 356 1222 H.
402 1157 552 1222 similiter
581 1163 690 1223 autem
717 1159 817 1224 etiam
839 1163 868 1223 Β
897 1160 937 1224 ad
963 1165 1072 1245 partes

62 1263 193 1327 dextras
217 1263 353 1328 cessisse
376 1264 505 1328 uidetur
528 1264 633 1352 magis
657 1287 755 1350 quarn
773 1272 814 1331 A.
851 1287 929 1352 ergo
953 1269 1076 1353 magni-

60 1369 225 1455 tudinum,
257 1392 338 1453 quae
371 1371 410 1434 ad
437 1375 546 1455 partes
579 1371 759 1436 anteriores
788 1393 901 1437 uersus
933 1373 1075 1460 longitu-
1116 1372 1120 1378 ⁷

62 1474 171 1539 dinem
194 1475 332 1562 habent,
359 1499 409 1561 ea,
438 1499 518 1561 quae
547 1478 587 1541 ad
611 1477 758 1541 dextram
785 1477 894 1561 posita
917 1484 1006 1565 sunt,
1034 1480 1075 1544 ad

60 1585 189 1666 partem
223 1580 390 1647 sinistram
422 1583 533 1648 cedere
565 1583 729 1668 uidentur,
767 1606 849 1668 quae
887 1589 996 1649 autem
1033 1586 1074 1650 ad

60 1687 229 1752 sinistram
252 1689 361 1772 posita
384 1694 473 1776 sunt,
497 1690 537 1754 ad
559 1694 686 1774 partem
709 1692 864 1755 dextram.

543 1851 593 1915 13.

131 1953 395 2041 Magnitudinum
432 1957 616 2040 aequalium
658 1957 717 2022 sub
760 1958 854 2023 oculo
877 1959 1073 2043 ¹positarum

60 2061 306 2147 longinquiores
332 2062 537 2129 sublimiores
562 2065 726 2148 adparent.

314 2160 316 2165 '
559 2171 625 2235 sint
661 2170 747 2236 enim
784 2175 862 2257 ΒΓ,
893 2177 973 2258 ΔΖ,
1005 2176 1073 2237 ΚΛ

487 2277 728 2364 magnitudines
742 2279 892 2363 aequales
908 2280 967 2344 sub
979 2279 1072 2344 oculo

486 2390 525 2450 N
543 2385 679 2471 positae,
702 2389 736 2450 et
754 2386 795 2450 ab
814 2390 854 2450 N
873 2384 967 2450 oculo
990 2384 1072 2449 radii

487 2491 638 2556 adeidant
665 2495 748 2576 ΒΝ,
774 2495 857 2576 ΝΛ,
881 2494 960 2556 NK.
1014 2491 1074 2555 ita·

488 2620 549 2682 que
580 2601 653 2662 ΝΒ
691 2597 825 2681 reliquis
862 2597 960 2662 radiis
998 2598 1072 2662 sub-

486 2703 596 2768 limior
623 2708 686 2790 est3
721 2726 819 2788 quare
847 2703 945 2768 etiam
973 2725 1072 2788 punc-

486 2814 557 2874 tum
580 2814 618 2876 Β.
669 2810 780 2894 itaque
808 2812 878 2875 ΒΓ
902 2809 1073 2874 sublimior

486 2917 619 3001 adparet
643 2939 740 3001 quam
763 2923 796 2981 Λ
803 2922 844 3002 Ζ,
867 2921 901 2980 Δ
907 2921 934 2981 Ζ
962 2920 1072 2981 autem

57 3046 159 3109 quam
177 3028 254 3089 KA.
300 3046 378 3110 ergo
401 3024 662 3111 magnitudinum
686 3023 870 3107 aequalium
894 3023 954 3087 sub
975 3022 1068 3088 ooulo

55 3131 240 3216 positarum
262 3131 506 3217 longinquiores
530 3130 735 3195 sublimiores
759 3131 922 3214 adparent.

542 3273 589 3336 14.

126 3348 389 3466 Magnitudinum
413 3379 596 3464 aequalium
620 3401 717 3463 supra
741 3379 871 3444 oeulum
888 3378 1071 3463 positarum

54 3485 304 3574 longinquiores
328 3485 533 3550 demissiores
556 3485 721 3569 adparent.
