2424 3944
408 121 578 175 aucnmrs
597 123 735 176 ornes.
1034 123 1078 188 43

128 270 200 332 esto
220 287 324 352 spera,
342 265 434 330 cuius
453 269 602 330 centrum
615 288 645 351 a,
664 271 697 331 et
716 266 918 333 describatur
935 269 971 332 in
985 291 1080 354 spera

58 374 152 440 circa
180 377 327 438 centrum
355 395 376 437 u
405 372 546 438 circulus
574 373 629 458 by,
661 377 694 437 et
725 375 875 439 trahatur
902 375 1077 441 diametros

57 481 132 545 eius
155 481 210 564 by,
242 483 275 545 et
302 478 476 543 trahantur
503 502 523 544 a
544 479 674 564 punctis
697 480 729 564 b,
748 501 770 563 9
796 481 1077 566 perpendiculares

56 588 107 653 bd
133 591 167 651 et
186 607 242 671 pe,
273 590 306 650 et
329 589 436 650 rectae
459 586 500 667 by
527 585 683 670 parallela
706 590 776 650 esto
799 588 840 652 dc
864 584 912 674 (et
934 588 983 653 ita
1004 611 1077 673 par-

58 693 173 779 allela,
200 692 287 776 quod
309 691 584 777 perpendicularis
608 693 706 757 ducta
730 693 771 757 ab
794 715 816 757 a
837 699 959 777 puncto
983 694 1078 759 cadat
1115 703 1131 752 5

59 821 161 884 snper
192 798 335 864 medium
366 802 524 883 punctum
556 800 612 885 de3
649 798 745 864 aliter
775 799 862 864 enim
893 822 961 865 non
993 805 1079 865 esset

57 901 200 992 uerum),
223 905 258 969 in
281 926 345 988 qua
366 904 475 970 iacent
490 905 584 989 ⁴oculi
602 906 625 970 d
646 909 679 969 et
701 927 724 970 e.
762 905 843 990 diac,
867 907 953 990 quod
971 910 1079 972 totum

58 1011 295 1097 hemisperium
327 1011 464 1076 uidetur.
518 1011 669 1076 trahatur
700 1034 758 1095 per
786 1034 807 1076 a
838 1013 1007 1096 utriusque
1035 1015 1080 1078 bd

58 1123 96 1183 et
111 1139 154 1201 pe
171 1117 328 1202 parallela
341 1137 391 1182 aa.
427 1118 539 1200 itaque
553 1118 644 1183 abda
663 1122 713 1183 eat
726 1118 1076 1205 parallelogrammum.

57 1225 89 1289 si
113 1228 224 1289 autem
247 1228 397 1289 manente
420 1245 463 1290 aa
491 1224 749 1289 circumducatur
771 1225 806 1289 in
827 1225 914 1290 idem
938 1248 1077 1312 rursum,
1096 1238 1131 1286 10

58 1331 147 1396 unde
169 1330 301 1415 incepit,
324 1330 516 1394 restituetur
538 1330 701 1415 descripta
718 1331 833 1416 figura,
855 1331 990 1416 incipiet
1010 1332 1078 1415 qui-

58 1438 136 1503 dem
155 1459 174 1500 a
192 1438 218 1521 b,
243 1437 378 1502 ducetur
396 1458 475 1501 uero
495 1441 528 1500 et
546 1458 644 1521 super
659 1458 689 1523 9,
713 1441 745 1500 ct
764 1438 927 1521 descripta
946 1438 1076 1522 quidem

59 1544 192 1609 subet
219 1543 326 1628 figura
353 1542 415 1607 erit
443 1543 596 1628 circulus,
628 1542 684 1625 qui
710 1543 823 1625 utique
848 1565 906 1629 per
930 1548 1077 1609 centrum

54 1673 175 1736 ¹sperae
213 1654 270 1714 est.
329 1649 561 1734 hemisperium
597 1669 674 1733 ergo
711 1648 875 1713 uidebitur
907 1649 967 1713 sub
1000 1650 1034 1734 d,
1061 1671 1077 1714 c

57 1756 176 1823 oculis.
849 1797 851 1800 .
1095 1769 1128 1818 15

130 1948 165 2015 Si
184 1952 352 2016 oculorum
371 1950 527 2016 distantia
545 1972 657 2036 sperae
676 1950 835 2015 diametro
850 1951 954 2015 maior
968 1950 1076 2035 fuerit,

57 2057 138 2143 plus
160 2057 358 2144 hemisperio
381 2057 553 2129 uidebitur,

128 2168 199 2229 esto
224 2186 330 2249 spera,
360 2164 450 2228 cuius
474 2168 621 2228 centrum
643 2186 678 2248 u,
705 2167 738 2227 et
766 2164 966 2228 describatur
990 2163 1076 2230 circa

54 2274 210 2336 centrum
223 2293 245 2335 a
264 2270 402 2335 circulus
422 2272 508 2354 ctde’,
527 2271 612 2335 oculi
630 2279 708 2335 uero'
728 2271 754 2348 b,
765 2292 800 2355 9,
818 2274 851 2334 et
870 2271 913 2335 sit
932 2271 1075 2355 spatium

54 2379 192 2442 uisuum
224 2378 297 2463 Μ
327 2376 555 2441 intermedium
587 2376 692 2440 maius
722 2398 761 2440 ea
798 2398 879 2459 quae
910 2377 946 2440 in
980 2399 1074 2461 spera
1092 2390 1128 2438 20

132 2611 157 2658 4.
175 2603 315 2672 paralella
328 2604 367 2670 D,
385 2611 417 2659 at
433 2606 550 2672 saepius.
623 2609 647 2658 6.
669 2603 754 2673 esset]
774 2621 825 2675 my.
841 2604 880 2670 D,
898 2605 930 2657 c'a
947 2611 1024 2657 reatu
1042 2609 1075 2657 ec

54 2694 73 2731 e
91 2691 163 2730 corr,
237 2680 261 2728 9.
280 2674 547 2744 paralellogramum
565 2675 603 2727 D.
668 2680 709 2728 12.
729 2691 746 2727 a
767 2675 794 2745 b]
813 2693 827 2728 c
845 2691 913 2729 cerr.
933 2676 970 2728 D.
1032 2680 1073 2729 18.

55 2745 150 2817 circa]
170 2748 268 2800 contra
287 2747 325 2801 D.
398 2752 440 2800 20.
461 2746 554 2816 spera]
574 2762 623 2799 om.
644 2746 681 2799 D.

54 2995 202 3067 γραμμον]
218 2994 385 3063 sepultat&
396 2994 427 3061 B,
446 2991 622 3062 παράλληλος
635 3012 660 3063 v,
681 2997 710 3047 et
719 2994 793 3062 Vat,
813 3010 881 3048 corr.
891 3011 928 3046 m.
939 2999 963 3046 2.
1026 2993 1073 3064 δή]

53 3085 115 3122 om.
135 3084 161 3120 v.
222 3072 264 3120 14.
283 3071 306 3119 Α
314 3066 346 3136 Ζ]
366 3082 434 3119 corr.
455 3081 488 3118 ex
506 3069 566 3119 ΑΗ
581 3065 612 3118 Β.
673 3063 756 3136 ὅθεν]
775 3065 876 3127 κύκλος
894 3067 931 3118 es
950 3081 975 3117 V.
1031 3069 1073 3118 16.

53 3138 160 3224 καὶΙτὸ
180 3138 219 3209 Β]
244 3154 297 3192 cm.
317 3137 375 3206 Bv,
404 3154 440 3190 m.
460 3143 476 3190 2
500 3136 564 3192 Vat.
657 3142 698 3191 17.
727 3136 838 3206 κύκλος]
864 3151 952 3203 comp.
972 3134 1073 3203 BVat.‚

54 3221 133 3308 o÷d
150 3263 176 3299 v.
239 3243 280 3316 ὅς]
299 3244 380 3306 dcv.
445 3247 487 3296 18.
507 3239 562 3296 ἐστί
581 3260 606 3312 v,
626 3258 714 3311 comp.
734 3241 765 3294 B.
815 3246 872 3320 ¹20.
892 3241 952 3312 σις’]
972 3241 1023 3295 κθ’
1040 3241 1073 3310 V,

57 3317 110 3388 κη’
121 3315 220 3370 Vatv.
276 3321 317 3370 21.
337 3314 381 3386 τό]
400 3331 485 3383 supra
500 3330 551 3368 scr.
565 3313 598 3368 V.
655 3318 696 3366 22.
716 3313 777 3383 τοῦ]
791 3311 836 3365 bis
850 3312 925 3381 vae,
940 3312 990 3367 sed
1005 3329 1073 3367 corr.

91 3423 145 3490 γῆς
173 3410 296 3483 σφαίρας
323 3412 481 3482 ὀφθήσεται
508 3429 544 3464 m.
639 3415 680 3464 25.
709 3408 788 3481 περί]
812 3384 843 3467 df
861 3409 957 3465 Vatv.
1031 3416 1073 3465 26.

52 3487 89 3542 τό
104 3485 190 3556 (alt.)]
208 3494 264 3540 τῶν
282 3484 376 3540 BVat.
502 3500 504 3503 ·
1021 3505 1022 3508 ¹
