2424 3944
82 225 84 230 ,
129 172 175 235 34
472 177 641 228 EUOLIDIS
661 171 799 230 OPTIOA.

129 316 259 394 ἀκτῖνες
282 320 319 384 αί
339 323 415 401 ΑΒ,
437 325 512 401 ΑΛ,
535 323 612 401 ΑΕ,
635 325 667 384 A
674 324 711 404 Z,
730 325 812 405 ΑΗ,
831 326 863 385 A
870 326 908 405 Θ,
928 326 1002 387 ΑΓ.
1048 321 1147 407 λέγω,

129 425 181 489 ὅτι
211 425 231 508 ἡ
255 430 284 489 Β
291 428 323 489 Γ
349 425 541 512 περιφέρεια
571 427 687 492 εὐθεῖα
717 431 880 512 φαίνεται.
930 432 1056 494 κείσθω
1086 438 1148 514 της

128 535 339 617 περιφερείας
361 533 398 596 τὸ
416 531 556 618 κέντρον
573 530 628 598 καλ
647 537 728 598 ἔστω
747 535 785 599 τὸ
804 539 846 620 Κ,
868 534 923 600 καλ
942 536 1145 619 ἐπεζεύχθω-

128 655 193 703 σαν
218 638 347 703 εὐθεῖαι
370 640 408 703 αί

91 747 405 831 τιτανικκτ,

128 854 204 934 KZ,
228 855 309 935 KH,
328 855 405 935 πο,

128 960 201 1021 ΚΓ.
248 955 316 1022 ἐπεὶ
343 955 404 1024 οὖν

126 1063 236 1145 ἡΚΒ
259 1064 324 1128 ὑπὸ
347 1073 405 1148 τῆς
448 1119 488 1175 K

126 1169 192 1234 ὑπὸ
216 1173 315 1234 ΚΑΒ
341 1193 404 1252 γα-

73 1286 109 1335 10
127 1280 202 1354 νίας
240 1275 404 1360 βλέπεται,

127 1382 147 1465 η
176 1380 213 1448 δὲ
240 1387 309 1448 ΚΛ
338 1384 404 1449 ὑπὸ

126 1498 185 1574 τῆς
206 1490 272 1556 ὑπὸ
295 1495 404 1575 ΚΑΛ,

126 1600 245 1682 μείζων
269 1599 333 1684 ἄρα
356 1599 539 1682 φανήσεται
562 1597 582 1681 η
606 1594 666 1682 μὲν
691 1603 756 1662 ΚΒ
780 1609 838 1683 της
860 1603 944 1682 ΚΛ,
966 1598 987 1682 ἡ
1011 1596 1048 1664 δὲ
1071 1604 1146 1666 ΚΔ

126 1714 184 1788 τῆς
202 1708 278 1789 ΚΕ,
301 1704 321 1788 ἡ
346 1701 382 1769 δὲ
401 1708 469 1768 ΚΕ
489 1714 547 1788 τῆς
565 1708 641 1789 ΚΖ,
664 1704 720 1771 καὶ
743 1705 778 1771 ἐκ
800 1716 861 1771 τοῦ
885 1704 998 1790 ἑτέρου
1019 1705 1145 1793 μέρους

72 1812 146 1895 15η
174 1808 235 1896 μὲν
261 1815 332 1877 ΚΓ
353 1821 411 1895 τῆς
437 1816 519 1896 ΚΘ,
551 1811 571 1895 η
599 1809 636 1877 δὲ
663 1816 732 1877 ΚΘ
757 1822 815 1896 της
842 1817 927 1898 ΚΗ,
954 1813 975 1897 ἡ
1004 1810 1041 1878 δὲ
1069 1817 1148 1878 ΚΗ

126 1928 183 2002 της
202 1921 267 1981 ΚΖ
286 1921 404 2003 μείζων
422 1921 613 2004 φανησεται.
648 1920 704 1984 διὰ
722 1929 821 1984 τοῦτο
841 1921 882 2004 δὴ
900 1929 958 2004 της
976 1922 1144 2006 μενούσης

126 2024 261 2101 εὐθείας
279 2034 336 2108 της
354 2026 446 2110 KA†
464 2025 605 2102 κάθετος
622 2025 642 2109 η
661 2029 729 2090 ΒΓ
747 2025 800 2091 ἀεί
816 2026 914 2092 ἐστιν.
946 2028 986 2091 τὰ
1005 2025 1037 2092 δ’
1056 2027 1144 2093 αὐτοὶ

125 2132 327 2214 συμβήσεται
349 2130 405 2197 καὶ
428 2130 481 2196 ἐπὶ
503 2141 561 2216 της
583 2135 695 2215 κοίλης
717 2136 935 2219 περιφερείας.

548 2308 704 2386 ’Ἁλλως

71 2441 108 2491 20
192 2435 350 2498 Δυνατὸν
368 2430 405 2499 δὲ
423 2432 478 2498 καλ
497 2431 547 2498 ἐπ’
564 2434 675 2499 αὐτῶν
693 2442 761 2499 τῶν
774 2435 884 2512 ὄψεων
902 2441 1005 2499 ταῦτα
1019 2433 1142 2519 λέγειν,

126 2539 177 2604 ὅτι
204 2539 355 2625 ἐλαχίστη
383 2538 444 2625 μὲν
471 2541 491 2625 η
519 2537 638 2624 μεταξὺ
666 2549 727 2604 τοῦ
755 2547 788 2605 Α
820 2542 964 2625 ὄμματος
994 2539 1052 2606 καὶ
1083 2551 1142 2626 τῆς

126 2645 318 2733 διαμέτρου,
346 2645 396 2711 ἀεὶ
423 2643 460 2711 δὲ
487 2645 507 2729 ἡ
532 2649 644 2729 ἔγγιον
671 2646 773 2730 αὐτῆς
796 2645 940 2712 ἐλάττων
967 2656 1026 2731 τῆς
1050 2647 1140 2714 ἀπώ-

124 2777 230 2840 τερον.
289 2753 392 2818 ταύτὰ
424 2750 461 2818 δὲ
493 2756 667 2837 συμβαίνει
699 2751 755 2818 καὶ
787 2753 873 2838 [ἐὰν]
906 2752 1053 2819 καθέτου
1088 2753 1139 2820 ἐπ’

125 2859 229 2942 αὐτὴν
257 2859 359 2942 οὔσης
385 2867 443 2942 τῆς
465 2865 498 2923 Α
505 2863 541 2923 Ζ.
588 2859 644 2923 διὰ
671 2868 769 2924 τοῦτο
793 2863 980 2944 φαντασίαν
1003 2860 1142 2939 εὐθείας

70 2975 105 3025 25
124 2964 316 3031 ἀποστέλλει
339 2965 359 3049 η
382 2964 584 3051 περιφέρεια,
607 2964 662 3031 καὶ
684 2962 825 3050 μάλιστα
847 2969 879 3032 εί
900 2967 963 3032 ἀπὸ
984 2972 1143 3046 πλείονος

125 3076 279 3157 φαίνοιτο
307 3073 527 3157 διαστήματος
554 3073 637 3138 ὥστε
664 3075 708 3157 μὴ
736 3073 1027 3140 συναισθάνεσθαι
1055 3075 1143 3161 ἡμᾶς

124 3189 182 3263 της
204 3183 411 3266 κυρτότητος.
458 3179 513 3243 διὰ
536 3187 634 3243 τοῦτο
662 3177 717 3245 καλ
745 3181 780 3244 οί
799 3182 844 3264 μὴ
867 3179 956 3245 πάνυ
980 3179 1142 3248 ἀποτετα-

124 3284 218 3369 μένοι
241 3286 335 3350 κοίλοι
359 3285 393 3350 έκ
415 3288 559 3368 πλαγίου
582 3283 642 3370 μὲν
661 3286 823 3373 ὁρώμενοι
844 3285 1033 3372 έγχοίλασμα
1054 3292 1144 3374 ἔχειν

195 3461 465 3532 πτηνοῖσι.
548 3465 572 3516 5.
592 3462 657 3532 KB]
678 3466 784 3515 BKm.
872 3467 896 3516 6.
920 3461 987 3533 ατ]
1007 3444 1186 3521 mni

160 3537 184 3586 8.
204 3533 269 3605 KB]
289 3537 345 3586 ΒΚ
361 3550 386 3585 v.
464 3537 488 3586 9.
508 3532 575 3604 ὑπό]
595 3549 679 3602 supra
698 3549 748 3586 scr.
767 3532 892 3587 m.2V.
970 3536 1067 3616 ΚΑΒ]
1087 3541 1143 3592 ΚΒ
