2424 3944
157 152 221 217 178
365 153 574 207 omconuu
591 153 769 206 εεοενειο
788 152 955 207 mom.

638 355 679 396 κ.

226 440 275 504 Τὸ
298 435 403 505 δοθὲν
424 439 531 522 βάθος
554 438 747 522 ἐπιγνῶναι,
770 440 911 520 πηλίκον
934 436 1034 503 ἐστίν.

222 549 304 611 ἐστω
323 546 386 631 γὰρ
403 546 440 610 τὸ
453 545 570 629 βάθος,
589 544 607 610 ὃ
626 545 680 609 δεῖ
696 543 885 628 ἐπιγνῶναι,
902 547 1044 627 πηλίκον
1063 543 1163 628 ἐστίν,

154 655 191 718 τὸ
210 656 286 736 ΚΒ,
308 649 364 716 καί
381 653 505 716 κείσθω
524 653 611 735 ὄμμα
628 652 666 715 τὸ
684 656 727 734 Δ,
749 649 806 716 καί
823 647 1053 736 προσπιπτέτω
1072 649 1164 729 ἀκτίς

119 758 174 841 εὴ
203 761 308 823 ΔΛΚ
336 759 384 833 είς
415 758 451 822 τὸ
484 757 605 840 βάθος,
636 755 692 821 καὶ
723 758 818 841 ἤχθω

154 864 217 929 ιἰπὸ
249 872 309 928 τοῦ
336 868 370 927 Δ
395 864 485 948 παρὰ
518 864 579 946 τὴν
604 866 673 928 ΒΚ
698 862 718 946 ἡ
743 869 817 929 ΔΖ.
1127 855 1155 919 Δ

153 968 223 1035 ἐπεὶ
237 969 446 1057 παράλληλός
460 969 549 1034 ἐστιν
566 968 587 1051 ἡ
601 973 671 1034 ΒΚ
687 980 727 1055 τῇ
741 975 818 1053 ΛΖ,

152 1074 208 1140 καί
230 1075 438 1159 ἐμπέπτωκεν
459 1074 479 1157 η
499 1078 579 1158 ΛΚ,
602 1077 660 1151 τὰς
680 1075 817 1154 ἐναλλὰξ
872 1097 905 1152 Β
1023 1089 1053 1150 A

152 1186 275 1265 γωνίας
301 1182 360 1259 τὰς
386 1180 451 1245 ὑπὸ
474 1184 591 1264 ΒΚΛ,
615 1186 717 1248 ΛΔΖ
745 1189 818 1260 ίσας

101 1303 133 1352 10
153 1288 309 1373 ἀλλήλαις
326 1298 423 1354 ποιεῖ.
460 1285 524 1352 είσὶ
547 1284 583 1352 δὲ
604 1285 660 1352 καί
683 1288 720 1353 αί
735 1291 817 1354 κατὰ

151 1397 304 1482 κορυφὴν
331 1396 370 1459 αί
392 1394 476 1480 πρὸς
497 1402 543 1482 τῷ
568 1398 600 1459 Λ
626 1399 696 1458 ίσαι
718 1395 816 1478 ἀλλη-

151 1509 237 1579 λαις·
272 1500 328 1567 καὶ
360 1499 380 1583 ἡ
415 1501 512 1583 λοιπη
545 1501 609 1585 ίίρα
640 1504 746 1582 γωνία
776 1512 815 1587 τῇ

150 1614 248 1694 λοιπῇ
267 1614 321 1691 ίση
341 1608 440 1673 ἐστίν.
472 1608 649 1689 ἰσογώνιον
667 1608 732 1692 ἄρα
746 1606 814 1672 ἐστὶ

150 1717 186 1780 ιδ
215 1718 318 1779 ΒΚΛ
348 1718 512 1799 τρίγωνον
538 1722 584 1800 τῷ
610 1716 714 1777 ΛΛΖ
745 1737 813 1799 τρι·
863 1762 901 1816 K

97 1834 130 1883 15
149 1823 255 1909 γώνςο.
310 1824 400 1886 ἐστιν
422 1822 501 1907 ἅμα,
529 1820 574 1896 ὡς
595 1818 615 1902 ἡ
640 1823 704 1884 ΛΖ
730 1822 813 1906 πρὸς

151 1934 226 2012 ΖΛ,
249 1926 269 2010 ἡ
289 1931 354 1992 ΛΒ
376 1928 460 2013 πρὸς
476 1929 551 1991 ΒΚ.
593 1924 708 2002 δοθεὶς
730 1922 767 1991 δέ
790 1927 884 2013 ὁτῆς
903 1933 969 1994 ΛΖ
990 1933 1075 2016 πρὸς
1094 1933 1152 1995 ΖΔ

149 2037 260 2117 λόγος·
286 2032 400 2110 δοθεὶς
418 2035 482 2120 ἅμα
500 2031 556 2098 καί
573 2032 592 2098 δ
611 2042 669 2116 της
686 2037 718 2098 Λ
723 2038 752 2099 Β
770 2036 854 2122 πρὸς
871 2039 940 2100 ΒΚ
960 2038 1068 2119 λόγος.
1102 2038 1154 2101 καί

149 2138 218 2204 ἐστι
241 2141 379 2206 δοθεῖσα
401 2138 422 2222 η
446 2143 524 2204 ΛΒ·
553 2139 692 2205 δοθεῖσα
715 2141 779 2226 ἄρα
801 2140 856 2207 καί
878 2141 899 2225 ἡ
922 2145 997 2207 ΒΚ.

1038 1772 1078 1824 Γ

619 2358 682 2399 κα.

95 2452 130 2502 20
219 2442 267 2506 Τὸ
292 2437 395 2505 δοθὲν
418 2449 520 2524 μῆκος
543 2440 737 2523 ἐπιγνῶναι,
759 2446 900 2525 πηλίκον
923 2441 1023 2508 ἐστίν.

214 2551 296 2613 ἐσιω
319 2547 398 2632 γάρ,
425 2546 443 2612 ὃ
467 2547 521 2611 δεῖ
540 2556 642 2631 μῆκος
664 2546 858 2632 ἐπιγνῶναι,
885 2553 1028 2632 πηλίκον
1056 2549 1151 2631 ἐστίν,

147 2655 184 2720 τὸ
202 2659 231 2719 Β
238 2658 274 2719 Γ.
320 2657 444 2719 κείσθω
468 2654 509 2738 δη
532 2655 620 2738 ὄμμα
642 2655 679 2719 τὸ
698 2659 741 2738 Δ,
765 2653 824 2739 ἀφ’
846 2650 886 2721 οὗ
909 2655 1150 2741 προσπιπτέτω-

147 2778 211 2826 σαν
233 2761 362 2838 ἀκτῖνες
383 2762 420 2825 αί
439 2764 521 2842 ΔΒ,
544 2766 577 2824 Λ
583 2763 621 2843 Γ,
643 2759 698 2825 καί
721 2760 785 2826 ἀπὸ
812 2770 872 2827 τοῦ
897 2767 924 2826 Ζ
946 2764 1044 2847 ἤχθω
1066 2763 1151 2849 παρὰ

146 2869 208 2951 την
230 2866 338 2950 ΒΓη
364 2869 437 2931 ΖΚ.
483 2866 608 2932 οὐκοῦν
631 2865 735 2951 ἐστιν,
763 2868 808 2944 ὡς
830 2868 851 2952 ἡ
875 2872 944 2932 ΖΚ
967 2870 1052 2956 πρὸς
1073 2873 1150 2951 ΚΛ,

92 2985 126 3034 25
146 2972 166 3056 ἡ
190 2977 259 3038 ΒΓ
278 2974 361 3060 πρὸς
384 2976 453 3037 ΓΔ.
504 2974 669 3060 γνώριμος
696 2970 732 3038 δέ
759 2973 776 3039 ὁ
804 2984 862 3058 τῆς
886 2978 953 3040 ΖΚ
977 2977 1063 3062 πρὸς
1084 2979 1149 3043 ΚΔ

146 3082 253 3162 λόγος·
286 3081 452 3167 γνώριμος
479 3081 543 3167 ἅμα
565 3077 620 3144 καί
644 3079 661 3145 ὁ
684 3089 742 3165 της
764 3084 833 3145 ΒΓ
856 3083 939 3169 πρὸς
963 3086 1024 3147 ΓΛ
1048 3085 1148 3166 λόγος.

144 3184 199 3250 καί
222 3187 388 3271 γνώριμος
409 3185 430 3268 η
455 3189 527 3250 ΓΛ·
550 3187 716 3273 γνώριμος
738 3188 803 3272 ἄρα
825 3185 880 3252 καί
902 3186 923 3269 ἡ
948 3191 1018 3254 ΓΒ.

216 3365 239 3414 3.
264 3357 349 3432 ἐστίν]
373 3358 429 3415 ἐστί
447 3360 503 3430 Vp.
592 3366 618 3415 4.
642 3361 710 3432 KB]
735 3378 802 3416 corr.
822 3378 856 3415 ex
874 3365 933 3416 ΚΓ
951 3380 977 3416 v.
1070 3378 1148 3432 προσ-

143 3429 258 3485 πιπτέιο
277 3449 302 3485 ν.
392 3438 416 3486 5,
441 3431 472 3485 τὸ
491 3430 598 3503 βάθος]
621 3435 689 3487 mut.
709 3431 740 3485 in
762 3433 793 3487 ιδ
811 3430 898 3499 πέρας
915 3441 965 3487 τοῦ
985 3431 1098 3505 βίιθονς
1114 3451 1146 3488 m.

143 3517 197 3557 rec.
217 3501 250 3555 V.
342 3507 365 3557 6.
395 3503 484 3572 ὃμοια
507 3502 584 3571 παρά
608 3503 671 3558 add.
695 3502 758 3571 ἤτοι
780 3502 954 3584 παράλληλος
981 3523 1016 3559 m.
1041 3522 1095 3561 rec.
1117 3503 1146 3558 V.
