2424 3944
147 164 212 228 174
354 166 566 218 OP'HGOBUM
583 165 762 217 Rncmfflo
779 164 948 219 molus,

211 312 294 375 ἔστω
317 313 427 395 μεῖζον
448 311 486 374 τὸ
508 313 572 373 ΒΖ
595 317 656 374 τοῦ
680 311 761 391 ΘΚ,
791 305 931 373 καὶτοῦ
954 312 987 373 Λ
1013 309 1158 394 ὄμματος

143 417 232 482 κοίτω
259 415 412 502 κειμένου
437 413 667 501 προσπιπτέτω
695 413 787 490 ἀκτὶς
813 413 835 497 ἡ
858 417 929 479 ΛΓ
951 415 1009 479 διὰ
1034 423 1097 479 τοῦ
1122 419 1158 479 Θ.

144 523 268 588 οὐκοῦν
286 525 324 589 τὸ
342 528 406 588 ΒΖ
424 531 485 587 τοῦ
506 525 574 586 ΘΚ
589 525 699 606 μεῖζον
717 524 872 605 φαίνεται
889 529 936 608 τῷ
954 523 1027 586 ΒΓ.
1064 544 1158 605 μετα-

143 633 268 696 ιιείσθω
300 631 342 713 δὴ
374 630 411 694 τὸ
439 632 471 693 Λ
498 631 586 713 ὄμμα
618 626 672 692 ἐπὶ
697 628 735 692 τὸ
763 631 813 711 N,
844 625 900 692 καὶ
926 626 1157 713 προσπιπτέτω

108 749 124 798 5
143 734 235 813 ἀκτὶς
256 736 359 819 ἡΝΔ
378 736 434 800 διὰ
453 744 513 800 τοῦ
535 740 572 800 Θ.
610 734 735 799 οὐκοῦν
751 734 854 799 πάλιν
871 735 909 798 τὸ
926 738 989 798 ΒΖ
1012 743 1075 799 τοῦ
1092 737 1161 798 ΘΚ

143 847 253 928 μεῖζον
276 844 429 927 φαίνεται
453 851 498 930 τῷ
516 846 588 906 BA.
624 842 822 926 προσιόντος
844 837 905 925 μὶν
928 842 993 927 ίίρα
1015 849 1078 905 τοῦ
1102 843 1156 926 ὄμ-

142 972 245 1033 ματος
272 948 420 1014 ἐλάττονι
447 953 557 1032 μεῖζον
583 952 736 1033 φαίνεται
759 946 922 1034 ὑπερέχον
944 948 983 1013 τὸ
1007 953 1071 1014 ΒΖ
1099 956 1156 1013 τοῦ

146 1057 225 1138 ΘΚ,
249 1054 405 1132 ἀπιόντος
428 1052 465 1120 δὲ
487 1058 621 1139 μείζονι.

623 1213 675 1294 ιζ’.

90 1335 124 1383 10
206 1319 287 1387 Ὅσοι
314 1322 467 1405 ἀλλήλων
493 1320 645 1409 ὑπερέχει
677 1329 738 1386 τοῦ
772 1323 915 1405 ὄμματος
943 1319 996 1387 ἐπ’
1026 1321 1157 1397 εὐθείας

142 1438 187 1516 τῷ
211 1428 366 1495 έλοίσσονι
384 1428 517 1514 μεγέθει
538 1431 644 1512 ὄντος,
667 1430 868 1515 προσιόντος
885 1451 920 1493 τε
938 1425 994 1492 καὶ
1018 1427 1154 1513 ἀφιστα-

141 1533 243 1620 μένου
271 1545 331 1601 τοῦ
354 1538 500 1620 ὄμματος
525 1546 570 1624 τῷ
595 1542 655 1624 ίσῳ
683 1533 748 1600 αίεὶ
776 1532 863 1612 δόξει
891 1535 928 1598 τὸ
955 1533 1154 1621 ὑπερφαινό

141 1667 243 1727 μενον
260 1651 320 1707 τοῦ
335 1642 513 1721 ἐλάσσονος
525 1642 706 1731 ὑπερέχειν.

206 1749 391 1835 ὑπερεχέτω
414 1752 477 1836 γὰρ
499 1751 535 1815 τὸ
555 1754 623 1814 BA
645 1758 706 1814 τοῦ
744 1752 758 1761 ”

88 1868 121 1917 15
144 1861 217 1921 ΘΗ
234 1865 279 1944 τῷ
304 1860 377 1940 ΒΓ,
401 1854 456 1922 καὶ
480 1856 707 1941 ἐπιζευχθεῖσα

140 1962 161 2045 ἡ
188 1966 252 2028 ΓΘ
279 1962 507 2047 ἐκβεβλήσθω,
539 1962 595 2028 καὶ
622 1965 705 2027 ἔστω

140 2071 177 2133 τὸ
201 2071 289 2153 ὄμμα
312 2068 365 2134 ἐπὶ
388 2075 504 2135 τοῦΖ
541 2067 705 2151 οὐκοῦνὺ

140 2175 204 2241 ἀπὸ
224 2185 283 2240 τοῦ
299 2181 326 2240 Ζ
345 2175 437 2253 ἀκτὶς
453 2180 706 2261 προσπίπτουσα

140 2283 222 2347 κατὰ
261 2285 324 2366 τὴν
370 2286 441 2347 ΖΓ
484 2285 705 2368 ἐνεχθήσεται
741 2262 783 2402 {A

88 2400 122 2449 20
140 2390 241 2454 πάλιν
264 2391 306 2474 δὴ
329 2394 533 2475 μετακείσθω
559 2392 596 2456 τὸ
619 2392 707 2473 ὄμμα

141 2494 194 2562 ἐπὶ
212 2507 272 2562 τοῦ
286 2500 327 2562 Κ.
360 2498 484 2562 οὐκοῦν
507 2496 612 2560 θιὺ
577 2520 617 2561 τα
640 2496 724 2560 αὐτὰ
746 2497 767 2580 ἡ
790 2497 854 2564 ἀπὸ
877 2507 937 2565 τοὺ
956 2503 992 2564 Κ
1012 2500 1151 2585 ὄμματος

140 2602 233 2680 ἀκτὶς
245 2609 497 2691 προσπίπτουσα
508 2625 590 2668 κατα
578 2602 665 2686 τὴν
675 2606 747 2668 ΚΓ
760 2603 981 2689 ένεχθήσεται.
1004 2615 1052 2695 τῷ
1067 2606 1150 2694 αὑτῷ

140 2712 204 2795 ὄρα
218 2708 366 2795 ὑπερέξει
380 2711 417 2774 τὸ
428 2714 490 2774 BA
503 2717 563 2772 τοῦ
576 2713 649 2773 ΘΗ
657 2707 713 2774 καλ
724 2713 922 2796 προσιόντος
935 2721 996 2777 τοῦ
1010 2714 1151 2798 ὄμματος

139 2815 194 2882 καὶ
218 2814 453 2903 ἀφισταμένου.
658 2903 667 2927 Ι

87 2924 121 2974 25
620 2930 675 2990 ιη.

212 3014 260 3078 Τὸ
284 3008 387 3076 δοθὲν
410 3010 496 3089 ὑψος
515 3023 650 3095 γνῶναι,
673 3015 781 3078 πόσον
800 3011 898 3078 ἐστίν.

207 3124 288 3184 ἔστω
307 3118 386 3205 γάρ,
419 3117 437 3182 ὃ
461 3118 514 3182 ὑεῖ
535 3117 714 3201 ἐπιγνῶναι
737 3119 839 3202 ὕψος,
870 3121 976 3184 πόσον
1000 3119 1085 3205 έστί,
1115 3119 1147 3184 τὸ

140 3228 217 3308 ΒΓ,
244 3223 298 3289 καὶ
326 3221 556 3313 προσπιπτέτω
586 3223 677 3303 ἀκτὶς
699 3225 796 3309 ἡλίου
820 3226 877 3290 ὑιὺ
899 3234 959 3291 τοῦ
983 3231 1013 3292 Β
1037 3226 1058 3310 ἡ
1082 3229 1147 3291 BA.

210 3387 234 3436 4.
255 3382 302 3472 δή]
323 3380 355 3436 δέ
373 3401 398 3438 v,
454 3379 659 3454 προσπιπτέτω]
679 3401 742 3437 -σιι-
756 3382 786 3436 in
800 3400 854 3437 rae.
865 3383 898 3438 V.
954 3388 978 3438 7.
1001 3383 1112 3439 έλαττον
1124 3398 1146 3434 v.

175 3460 216 3508 11.
236 3457 343 3524 μεχεθη
364 3473 389 3508 v,
476 3455 562 3518 ὄντως
581 3473 611 3523 v,
636 3455 685 3508 sed
704 3471 771 3509 corr.
860 3460 902 3510 15.
923 3456 1076 3527 ΘΗ]ΘΗ
1095 3453 1145 3520 Vv,

141 3527 203 3579 ΘΝ
218 3542 245 3593 p.
319 3531 360 3579 16.
383 3526 540 3598 ΓΘ]Γ1α
559 3544 612 3580 ras.
631 3525 756 3580 m.1V.
830 3531 873 3582 23.
894 3526 969 3597 ΘΗ]
989 3527 1048 3583 ΘΗ
1067 3526 1120 3582 Vv.

72 3670 124 3716 k
