2424 3944
302 126 512 180 0Pr1oonun
528 125 707 179 naonus1o
726 124 893 178 rnuours
1040 122 1104 188 199

91 270 206 335 oculus
233 270 269 335 in
299 274 327 335 Θ
353 275 502 355 ponatur.
543 270 615 336 dieo
642 269 759 356 igitur,
789 272 917 355 partem
944 268 1104 332 minorem

92 377 181 443 ooni·
197 377 285 443 cerni
312 377 405 442 oculo
432 378 467 441 in
492 380 520 441 Θ
547 377 656 463 posito
680 398 778 459 quam
799 375 835 438 in
856 381 897 440 Σ.
944 376 1106 440 ducantur

90 483 182 548 enim
210 506 229 548 a
255 491 289 550 A
315 488 436 569 puneto
464 483 505 548 ad
534 487 628 568 Θ,Σ
652 486 774 568 puneta
800 486 882 569 ΛΘ,
904 486 978 546 ΔΣ
1003 485 1035 546 et
1064 481 1105 546 ad

724 594 772 674 N,
804 593 835 652 A
864 588 1107 673 ‘produeantun

719 697 830 779 itaque
870 699 979 779 partes
1022 692 1105 780 coni,

721 823 803 886 quae
814 804 998 887 cernuntur,
1008 799 1102 866 oeulo

719 909 755 973 in
772 913 812 973 N
829 907 938 992 posito
963 911 996 971 et
1018 907 1054 971 in
1074 910 1105 970 A

719 1019 841 1100 puneto
850 1013 1038 1098 inaequales
1052 1013 1105 1078 ad-

636 1145 668 1201 Ε
719 1123 844 1207 parent,
863 1123 895 1184 et
914 1141 995 1204 quae
1013 1119 1054 1183 ab
1069 1123 1110 1184 N

721 1227 876 1310 cernitur,
911 1226 1019 1290 minor
1050 1225 1105 1290 ad-

719 1337 824 1418 paret,
855 1332 959 1397 maior
986 1335 1104 1409 autern,

721 1461 803 1522 quae
827 1440 868 1504 ab
896 1443 928 1504 A
960 1437 1106 1503 cernitur

721 1545 830 1630 [prop.
860 1546 930 1630 31].
990 1566 1105 1608 uerum

725 1673 806 1734 quae
829 1651 870 1715 ab
893 1656 934 1717 N
953 1651 1107 1736 cernitur,

90 1758 236 1842 aequalis
273 1762 323 1823 est
362 1758 406 1844 ei,
447 1779 528 1841 quae
565 1781 584 1822 a
623 1762 651 1823 Θ
688 1758 843 1838 cernitur,
881 1780 961 1842 quae
995 1761 1105 1822 autem

89 1866 134 1929 ab
150 1870 181 1929 A
204 1865 354 1949 cernitur,
376 1865 416 1949 ei,
439 1886 520 1948 quae
544 1865 585 1928 ab
600 1868 640 1950 Σ,
663 1867 701 1928 ut
719 1863 754 1928 in
771 1863 992 1950 propositione
1015 1885 1107 1948 prae-

90 1970 219 2035 cedenti
242 1971 501 2036 demonstratum
524 1974 574 2036 est
598 1971 702 2057 [prop.
720 1971 787 2056 32].
824 1993 902 2057 ergo
925 1993 1001 2055 pars
1021 1970 1104 2054 coni,

90 2099 175 2161 quae
203 2078 358 2164 cernitur,
389 2077 496 2142 minor
528 2079 662 2164 adparet
694 2079 787 2144 oeulo
816 2078 856 2142 ad
886 2081 915 2142 Θ
945 2080 1101 2161 punctum

88 2183 202 2268 posito
226 2207 323 2269 quarn
346 2185 387 2248 ad
410 2190 450 2250 Σ.

573 2455 624 2518 34.

161 2589 195 2656 si
217 2592 252 2656 in
276 2592 396 2659 eirardo
415 2617 434 2658 a
457 2599 567 2659 centro
591 2595 632 2658 ad
654 2596 789 2679 planum
807 2591 919 2657 eireuli
937 2591 1105 2677 perpendi-

86 2699 211 2766 cularis
234 2704 323 2765 reeta
347 2701 495 2787 erigitur,
526 2701 562 2764 in
589 2723 689 2784 eaque
718 2699 830 2765 oculus
858 2699 1006 2784 ponitur,
1039 2698 1105 2762 dia·

88 2805 189 2871 metri
212 2805 324 2871 eireuli
347 2809 496 2891 aequales
520 2809 683 2892 adparent.

159 2931 203 2996 sit
226 2931 312 2995 enim
336 2932 482 3019 eireulus,
506 2933 596 2997 euius
620 2935 768 2998 centrum
787 2932 830 2995 sit
849 2920 889 3015 K,
912 2935 945 2995 et
969 2952 987 2993 a
1006 2932 1042 2993 K
1062 2929 1103 2993 ad

88 3039 226 3124 planum
257 3038 369 3104 eirouli
400 3039 673 3125 perpendicularis
707 3039 852 3123 erigatur
879 3040 958 3122 ΚΒ,
991 3036 1103 3101 oculus

88 3149 202 3209 autem
224 3145 259 3208 in
281 3149 310 3208 Β
333 3150 487 3231 ponatur,
516 3147 737 3228 ducanturque
761 3143 911 3208 diametri
936 3146 1004 3227 ΓΑ,
1027 3148 1060 3207 A
1067 3147 1102 3206 Z.

89 3252 163 3316 dieo
186 3251 297 3337 igitur,
321 3252 473 3336 adparere
496 3258 529 3316 A
535 3255 568 3316 Γ
577 3282 618 3305 =
633 3256 709 3315 ΔΖ.
750 3250 908 3316 ducantur
927 3249 1014 3314 enim
1032 3253 1103 3334 BA,

91 3363 169 3445 BZ,
185 3361 263 3452 BF,
287 3363 356 3423 BA.
401 3358 511 3444 itaque
539 3359 620 3423 duae
648 3361 755 3423 reatae
783 3359 862 3440 ΒΚ,
885 3358 951 3420 KZ
979 3355 1102 3420 duabus

90 3445 252 3550 'B‘KsKll
269 3464 418 3549 aequales
438 3469 514 3529 sunt
532 3465 678 3550 singulae
698 3463 845 3550 singulis.
873 3485 987 3527 nerum
1004 3461 1103 3528 etiam
