2424 3944
382 141 384 144 >
402 125 571 182 aucarum
590 125 728 179 omer.
1005 123 1067 186 117

57 272 170 333 currat
193 269 223 333 ei
246 291 328 353 quae
352 274 402 334 e'st
421 269 463 334 ab
487 273 520 333 et
543 269 586 332 sit
609 269 655 334 eb.
692 269 845 352 quoniam
869 290 947 354 ergo
966 269 1070 334 maior

57 379 110 440 est
134 375 272 462 angulus
298 376 361 458 ped
388 397 486 459 quam
510 375 587 459 aed,
619 375 723 440 maius
752 397 830 461 ergo
850 378 899 460 pd
929 375 1070 460 spatium

57 503 158 565 quam
185 483 228 546 ab
256 486 399 567 apparet.
450 504 547 566 quare
577 483 669 546 oculo
696 481 732 546 in
758 503 774 547 e
801 486 951 546 manente
979 482 1070 546 uisus

56 590 151 653 uelut
172 588 208 652 in
228 609 257 672 u,
274 610 295 672 p
317 593 427 672 partes
450 588 665 673 transportati
685 588 819 653 celerius
837 588 1070 672 permutabunt

23 784 27 790 .
56 715 79 758 a
103 717 201 779 quam
221 716 250 777 9.
284 694 436 785 'relinqui
458 695 561 781 igitur
583 695 749 760 uidebitur
771 695 823 759 ab.

125 887 367 976 Augmentatae
384 889 636 976 magnitudines
663 890 862 955 uidebuntur
890 889 984 955 oculo
1015 913 1069 974 ap·

55 997 286 1082 propinquare.
812 1056 814 1060 ,

126 1103 185 1190 sit,
203 1125 284 1187 quae
307 1104 472 1169 uidebitur
496 1103 686 1189 magnitudo
692 1155 701 1189 ,
724 1103 781 1187 ab,
806 1103 917 1168 oculus
942 1103 1071 1187 quidem

57 1210 103 1275 sit
123 1232 158 1296 p,
185 1234 204 1275 a
228 1232 292 1295 quo
321 1210 469 1275 accidant
497 1210 580 1274 radii
606 1231 667 1293 pa,
687 1210 740 1293 pb.
786 1214 819 1274 et
842 1214 1071 1296 augmentetur

232 1311 237 1323 '
431 1317 475 1381 bu
498 1321 530 1381 et
554 1316 598 1380 sit
622 1317 674 1402 bd,
696 1321 729 1381 et
749 1316 873 1382 aecidat
891 1316 1000 1380 radius
1016 1318 1070 1399 pd.
1091 1329 1125 1377 10

432 1422 586 1507 quoniam
613 1444 691 1508 ergo
715 1423 819 1487 maior
843 1423 980 1508 angulus
1004 1422 1073 1505 bpd

431 1538 528 1614 quam
548 1530 629 1614 bpu,
651 1529 756 1593 maius
779 1550 856 1614 ergo
876 1533 1010 1613 apparet
1029 1529 1074 1615 ῥα

431 1658 529 1719 quam
562 1635 612 1699 ba.
659 1636 783 1700 maiora
813 1656 891 1699 uero
925 1657 959 1699 se
991 1634 1071 1719 ipsis

68 1611 334 1856 λ
348 1814 383 1876 P
429 1742 502 1806 uisa
525 1741 636 1826 augeri
662 1742 827 1827 uidentur
877 1745 957 1805 teo
986 1742 1073 1825 quod

430 1848 644 1933 propinquius
660 1848 754 1913 oculo
769 1848 893 1912 maiora
859 1763 1071 1933 apparent.
1093 1860 1125 1909 15

57 1975 141 2039 quae
179 1974 256 2039 ergo
293 1955 533 2040 magnitudines
571 1958 683 2020 auctae
720 1955 917 2020 uidebuntur
958 1955 1072 2019 adduci

58 2060 164 2126 oculo.

126 2236 341 2322 Quaecunque
369 2238 404 2301 in
427 2239 540 2303 eodem
563 2237 671 2323 spatio
698 2239 806 2304 iacent
829 2241 982 2304 extremis
1005 2262 1073 2304 non

55 2345 94 2409 in
117 2343 240 2409 directo
263 2343 370 2408 medio
395 2344 623 2430 existentibus,
652 2350 758 2410 totam
786 2346 926 2430 figuram
951 2346 1072 2430 aliquo-

56 2450 145 2524 tiens
178 2448 307 2534 quidem
340 2471 530 2535 concauam,
562 2451 756 2535 aliquotiens
789 2473 866 2515 uero
896 2473 1072 2516 conuexam
1091 2465 1127 2514 20

57 2555 195 2621 faciunt.

133 2789 158 2838 4.
177 2784 390 2858 permutabunt]
410 2802 478 2841 corr
494 2803 527 2841 ex
545 2787 745 2855 permutabant
763 2787 801 2841 D.
870 2791 893 2839 6.
913 2789 1071 2855 augmenta,

55 2872 147 2926 supra
164 2872 213 2911 err.
232 2858 263 2909 ta
281 2874 315 2910 m
331 2861 357 2923 1,
376 2857 414 2910 D.
481 2862 505 2911 9.
525 2874 626 2912 aumen
627 2862 702 2913 tetur
720 2860 757 2913 D.
820 2862 861 2912 10.
881 2856 1013 2927 accidapt
1033 2858 1071 2912 D.

95 2931 137 2981 12.
158 2927 229 2998 bpa]
248 2929 387 2983 aduras.
407 2929 445 2982 D.

56 3147 207 3196 Aecorr.
226 3140 259 3210 V,
280 3140 661 3196 corr.exBPm.1Vat..v
722 3148 763 3196 11,
782 3142 825 3213 τό]
845 3151 949 3197 voum
1006 3143 1071 3229 ΒΔ]

57 3228 129 3267 corr
154 3227 189 3265 ex
213 3215 263 3266 ΓΔ
285 3230 321 3267 m.
341 3219 356 3266 2
380 3212 459 3281 vet,
485 3217 534 3266 ΓΔ
557 3231 582 3266 v.
674 3217 715 3267 18.
741 3212 876 3338 οἰόμεναᾶ
896 3231 945 3268 scr.
971 3212 1071 3303 φαινό-

55 3301 138 3353 μενα.
217 3285 343 3356 δοκοῦσι]
365 3301 417 3340 om.
438 3257 516 3339 iau}
524 3302 561 3353 m,
581 3301 608 3338 σι
625 3286 690 3353 post
708 3283 792 3336 iacun
820 3284 846 3338 V
877 3287 915 3339 at.
921 3302 947 3339 v
1024 3282 1070 3355 τά]

55 3362 108 3410 τοῦ
127 3354 224 3409 Ἶαὺπ
311 3361 353 3410 19.
379 3355 482 3428 ἔγγιον]
508 3355 566 3409 tin
584 3373 638 3409 ras.
658 3355 690 3408 V
774 3352 918 3427 ἐλάττονα]
944 3374 994 3410 ser.
1014 3353 1071 3424 μεί-

55 3427 139 3494 guva,
159 3442 186 3481 11
200 3442 278 3495 prop.
292 3427 326 3482 V.
381 3428 533 3498 αὐξόμενα]
549 3425 731 3514 αὐξανόμενα
746 3427 1071 3500 111.21.νζ]0111.1,

57 3517 73 3552 ο
78 3497 136 3568 ',V
157 3496 202 3568 ξη’
217 3515 254 3552 m
274 3498 374 3553 2Vat
447 3503 489 3552 23.
510 3494 565 3569 ὁτὲ]
586 3496 653 3552 ὅταν
672 3515 698 3551 v
