2416 3952
481 186 711 239 cumrerum.
1033 187 1097 251 313

84 326 192 411 iisque
215 328 419 412 adponentur
441 329 477 393 in
498 329 627 414 punctis
652 335 821 394 contactus
844 331 1009 395 radiorum
1030 355 1101 416 spe-

87 433 160 498 cula
188 455 329 500 concaua
357 457 549 500 conuexauc.
603 435 713 519 itaque
746 442 767 512 l,
782 441 809 500 Z
824 468 866 489 =
884 442 925 522 Θ,
956 441 990 502 Κ
1002 470 1044 490 --
1060 444 1099 503 A.

86 540 198 624 itaque
221 545 289 616 LK
305 548 342 622 -Ι-
362 547 445 606 Ζ--
463 547 492 606 Θ
507 546 547 625 -4-
564 546 602 606 A.
649 565 746 626 quare
770 543 878 608 radius
903 545 943 608 ab
968 546 1098 629 speculo

88 656 232 711 connexo
252 649 285 711 Γ
303 649 343 711 ad
362 654 395 712 A
418 648 624 734 refringatur,
647 671 666 712 a
688 655 721 712 A
744 655 854 714 autem
876 651 916 714 ad
940 656 982 736 E,
1006 653 1046 716 ab
1070 657 1102 716 Ε

87 758 197 818 autem
226 755 265 818 ad
293 761 332 819 A.
389 778 466 841 ergo
495 756 705 819 manifestum
733 760 798 841 est,
828 756 927 821 etiam
960 759 1098 842 speculis

87 861 242 926 connexis
266 862 458 927 concauisuc
483 863 633 927 omnibns
660 867 693 927 et
716 863 827 927 mixtis
851 863 921 927 fieri
943 886 1039 948 posse
1062 869 1099 928 ut

85 967 174 1032 idem
197 972 354 1032 cernatur.

570 1112 619 1174 16.

157 1231 196 1298 In
215 1233 354 1319 speculis
368 1233 606 1318 planisomnia,
626 1256 707 1318 quae
723 1239 905 1319 cernuntur,
926 1236 1101 1300 secundnm

86 1346 212 1405 rectam
225 1341 265 1404 ab
281 1362 327 1424 eo,
343 1341 428 1423 quod
443 1341 593 1425 cernitur,
606 1341 903 1426 perpendicularem
917 1346 1101 1406 cernuntur.

543 1447 586 1512 sit
601 1451 663 1512 ΓΛ
682 1449 849 1533 speculum
867 1447 1009 1532 planum,
1028 1470 1101 1512 ocu-

473 1555 524 1618 lus
553 1559 662 1619 autem
686 1558 727 1639 Β,
755 1557 905 1619 cernatur
928 1559 1037 1618 autem
1060 1560 1102 1639 A,

473 1665 506 1725 et
529 1662 569 1725 ab
593 1683 644 1744 ec,
673 1661 759 1744 quod
782 1661 938 1745 cernitur,
965 1661 1005 1724 ad
1033 1683 1102 1744 spe-

472 1767 580 1832 culum
598 1767 871 1852 perpendicularis
887 1766 930 1831 sit
944 1769 1017 1830 AF.
1042 1767 1102 1830 ita·

472 1895 533 1956 que
552 1873 707 1958 quoniam
725 1873 760 1936 in
777 1873 1009 1957 phaenomenis
1029 1895 1102 1957 sup-

471 1981 616 2063 positum
635 1984 693 2064 est,
716 1980 788 2044 loco
809 1982 841 2043 Γ
859 1984 1016 2064 occupato
1035 2001 1102 2043 non

260 2101 261 2104 ’
358 2092 394 2141 Β
472 2086 560 2150 cerni
578 2091 666 2169 A,A
687 2086 722 2149 in
745 2091 835 2150 recta
857 2089 927 2150 ΑΓ
943 2087 1102 2169 producta

474 2196 629 2256 cernetur.
682 2215 795 2257 uerum
823 2191 923 2256 etiam
949 2191 985 2255 in
1011 2191 1102 2256 radio

90 2302 153 2363 BA
175 2299 333 2383 producto
358 2300 508 2364 cernitur.
547 2321 624 2384 ergo
647 2299 683 2362 in
701 2304 733 2363 E
755 2299 911 2384 cernitur3
935 2299 1103 2383 supposui-

90 2427 163 2469 mus
187 2405 282 2490 enim‚
305 2409 431 2470 rectum
454 2428 533 2490 esse,
556 2406 647 2470 cuius
671 2410 779 2490 partes
803 2405 927 2469 mediae
951 2403 1103 2468 extremis

90 2509 272 2598 officerent3
296 2534 394 2596 quare
418 2518 450 2576 A
456 2516 498 2597 E,
516 2515 582 2575 BE
602 2515 709 2576 rectae
733 2515 837 2574 erunt.

110 2139 145 2200 Α

571 2726 620 2789 17.

157 2848 197 2912 In
216 2849 355 2932 speculis
376 2847 527 2912 connexis
543 2847 660 2930 omnia,
684 2868 765 2929 quae
785 2851 968 2929 cernuntur,
993 2868 1103 2910 secun-

89 2956 168 3020 dum
187 2959 311 3018 rectam
329 2955 370 3018 ab
389 2976 437 3036 eo,
457 2954 543 3036 qnod
558 2952 709 3037 cernitur,
728 2952 767 3015 ad
783 2955 930 3016 centrum
948 2952 1102 3035 sphaerae

37 3096 47 3135 ῃ
89 3063 222 3126 ductam
246 3065 430 3125 cernuntur.
1137 3137 1148 3162 ·

159 3167 202 3232 sit
218 3170 280 3231 ΓΔ
299 3167 465 3251 speculum
480 3189 668 3242 conucxum,
689 3165 800 3230 oculus
815 3169 924 3229 autem
938 3168 975 3248 Β,
994 3165 1103 3230 radius

126 3397 159 3452 τὸ
179 3397 264 3467 εὐθύ]
284 3396 356 3450 εὐθύ
374 3414 411 3450 m.
485 3392 530 3466 οὗ]
542 3391 626 3449 eluar
645 3389 677 3448 οὗ
696 3412 732 3448 m.
807 3399 847 3448 18.
869 3391 957 3519 lsrapp
975 3393 1047 3448 ἐστιν
1066 3395 1103 3449 M.

125 3470 196 3540 An]
216 3470 269 3522 ΒΕ
288 3486 324 3521 m.
402 3472 443 3520 19.
464 3468 533 3537 nn]
553 3469 610 3519 An
627 3483 662 3519 m.
738 3470 780 3519 20.
802 3465 849 3536 ιζ’]
869 3465 915 3519 ur'

89 3539 173 3611 ὄψεις
190 3557 216 3610 r,
236 3539 286 3594 sed
304 3556 373 3594 corr.

961 3483 986 3519 v.
1061 3471 1102 3520 24.
