2424 3944
134 131 178 216 9'0
473 149 644 203 ωοοεωιε
663 149 802 202 ονοιοε.

134 294 338 383 ὑποκειμένῳ
363 292 516 381 ἐπιπέδῳ,
540 292 628 377 ὄμμα
651 289 688 356 δὲ
711 294 792 356 ἔστω
816 292 853 356 τὸ
873 293 909 356 Γ.
947 289 1003 355 καὶ
1021 288 1150 378 κέντρῳ

134 400 195 487 μέν
223 413 268 490 τῳ
298 407 341 486 Β,
369 403 563 484 διαστήματι
592 397 629 464 δὲ
656 408 701 487 τῳ
725 400 794 463 ΒΓ
819 399 939 474 κύκλος
966 397 1151 483 γεγράφθω

135 509 250 575 MA.
296 507 394 590 λέγω,
427 507 492 590 ὄτι,
520 506 578 571 ἐὰν
604 509 699 590 μεθί-

135 633 249 699 στηται
263 616 299 678 τὸ
315 617 347 677 Γ
362 611 413 678 ἐπὶ
428 623 485 696 τῆς
501 622 561 678 τοῦ
575 613 699 677 κύκλου
927 609 960 670 Α

100 723 358 806 οπεριῳερείας,
389 727 462 785 ίσον
491 718 541 784 ἀεὶ
568 721 605 784 τὸ
633 723 700 784 ΑΒ

135 828 325 912 φανήσεται.
367 835 464 891 τοῦτο
493 823 530 890 δὲ
552 829 700 910 φανερόν

136 932 234 998 ἐστιν.
272 943 374 998 πᾶσαι
393 935 455 1017 γὰρ
472 935 508 997 αί
520 931 584 997 ἀπὸ
599 941 658 996 τοῦ
674 936 706 996 Γ
905 926 937 987 Β

136 1043 272 1123 σημείου
309 1041 392 1124 πρὸς
428 1041 465 1103 τὸ
498 1044 567 1104 ΑΒ
598 1055 700 1124 προσ-

135 1149 313 1211 πίπτουσαι
328 1145 457 1221 ἀκτῖνες
466 1147 548 1231 πρὸς
559 1153 631 1222 ίσας
641 1170 701 1228 γω-

84 1265 117 1313 10
136 1258 209 1329 νίας
227 1256 502 1338 προσπίπτουσιν,
526 1251 698 1336 ἐπειδήπερ

136 1358 156 1442 ή
183 1361 266 1444 πρὸς
293 1364 390 1447 τῳΒ
419 1361 524 1441 γωνία
551 1359 639 1444 ὀρθή
665 1359 763 1425 ἔστιν.
811 1366 885 1424 ίσον
908 1360 972 1443 ὄρα
1000 1358 1037 1423 τὸ
1069 1357 1154 1445 ὁρώ-

135 1488 237 1549 μενον
260 1465 454 1548 ὀφθήσεται.

1125 901 1152 962 Δ

611 1623 679 1709 νβ’·

208 1752 274 1812 Τοῦ
298 1747 467 1833 ὁρωμένου
491 1748 659 1833 μένοντος,
683 1758 742 1814 τοῦ
767 1747 803 1813 δὲ
827 1747 973 1833 ὄμματος
994 1755 1154 1832 μεθιστα-

86 1867 118 1916 15
137 1852 238 1938 μένου
266 1853 337 1919 κατ’
365 1856 501 1921 εὐθεῖαν
530 1858 684 1941 γραμμήν
714 1859 858 1939 πλαγίαν
890 1856 973 1939 πρὸς
1001 1856 1038 1919 τὸ
1070 1855 1152 1940 ὁρώ-

137 1983 238 2044 μενον
265 1959 406 2043 μέγεθος
434 1957 539 2027 οὖσαν
566 1959 645 2027 ποτέ
670 1959 730 2046 μὲν
755 1968 843 2046 ἴσον,
871 1959 949 2026 ποτὲ
973 1959 1010 2025 δὲ
1033 1963 1154 2026 ὄίνισον

137 2067 174 2129 τὸ
199 2065 368 2150 ὁρώμενον
392 2071 554 2150 φαίνεται.

204 2175 286 2236 ἔστω
311 2171 480 2258 ὁρώμενον
498 2171 559 2258 μὲν
577 2176 614 2240 τὸ
633 2179 709 2258 ΑΒ,
734 2173 838 2260 [ὄμμα
857 2172 893 2238 δὲ
912 2176 949 2239 τὸ
968 2174 1016 2258 Ε]
1036 2175 1154 2241 εὐθεῖα

138 2273 175 2341 δέ
206 2282 329 2361 πλαγία
360 2280 380 2363 ή
405 2284 480 2364 ΓΛ,
512 2280 568 2346 καὶ
602 2283 901 2366 προσεκβεβλήσθω
934 2291 973 2366 τῇ
1004 2285 1069 2346 ΒΑ
1102 2279 1151 2347 ἐπ’

83 2398 119 2446 20
137 2384 271 2461 εὐθείας
298 2385 318 2469 ή
347 2389 406 2450 ΓΑ
437 2385 493 2451 καὶ
523 2386 735 2471 συμβαλλέτω
765 2398 804 2473 τῇ
832 2391 903 2452 ΛΓ
930 2388 1013 2453 κατὰ
1047 2389 1087 2454 τὸ
1115 2390 1153 2471 Γ,

137 2489 192 2555 καὶ
219 2492 434 2575 μεθιστύσθω
459 2491 509 2558 ἐπ’
531 2493 632 2576 αὐτῆς
659 2495 695 2558 τὸ
719 2492 815 2579 ὄμμα.
840 2492 966 2578 ,λέγω,
995 2494 1047 2558 ὄτι
1075 2491 1154 2559 ποτὲ

138 2593 198 2681 μὲν
223 2603 310 2680 ίσον,
337 2595 416 2663 ποτέ
439 2597 476 2663 δὲ
500 2602 617 2665 ὄίνισον
640 2604 793 2684 φαίνεται
816 2602 852 2665 τὸ
877 2607 909 2665 Α
915 2606 952 2665 Β.
998 2602 1153 2686 εἰλήφθω

138 2705 200 2789 γὰρ
229 2715 296 2769 τῶν
324 2709 400 2789 ΒΓ,
425 2709 485 2770 ΓΑ
517 2705 597 2790 μέση
629 2706 794 2789 ολνύλογον
826 2706 846 2789 ή
876 2711 952 2790 ΓΕ,
983 2706 1041 2772 καὶ
1071 2711 1154 2774 ἔστω

139 2810 226 2896 ὄμμα
249 2812 286 2876 τὸ
305 2816 337 2875 Ε
356 2809 412 2875 καὶ
431 2815 698 2896 μετακεκινήσθω
721 2811 776 2878 καὶ
796 2815 878 2878 ἔστω
903 2811 955 2878 ἐπὶ
973 2823 1031 2898 τής
1051 2815 1155 2900 αὐτῆς

85 2929 119 2977 25
138 2919 271 2994 εὐθείας
293 2918 376 2981 κατὰ
398 2918 434 2982 τὸ
454 2925 496 2983 Λ.
533 2917 628 3004 λέγω,
651 2920 701 2985 ὄτι
724 2921 760 2984 τὸ
784 2920 849 2985 ὑπὸ
868 2931 935 2984 τῶν
953 2925 993 3004 Ε,
1011 2927 1046 2985 Δ
1071 2922 1155 3008 ὁρώ-

137 3048 238 3109 μενον
261 3026 379 3090 ὄνισον
402 3029 564 3109 φαίνεται.
602 3026 850 3112 ἐπεζεύχθωσαν
874 3027 1002 3092 εὐθεῖαι
1021 3030 1062 3093 αί
1077 3035 1155 3115 ΑΕ,

209 3225 232 3273 1.
252 3215 382 3286 κέντρον,
402 3234 470 3273 corr.
490 3238 525 3273 m.
546 3225 571 3288 2,
591 3219 694 3274 vam.
767 3226 791 3273 2.
812 3219 845 3289 B]
865 3225 887 3272 A
905 3220 1032 3275 Vat.Av.
1111 3242 1156 3294 γε-

137 3287 271 3360 γράφθω]
291 3290 351 3360 ὁγΤε
366 3287 488 3359 γρύφθω
502 3291 576 3360 Vat„
596 3290 646 3343 sed
661 3306 742 3358 eorm
763 3291 778 3345 ὁ
793 3289 947 3359 γεγράφθω
961 3308 987 3346 v,
1049 3298 1077 3348 4.
1092 3303 1144 3349 τοῦ

138 3376 190 3415 om.
210 3378 236 3414 v.
315 3368 337 3416 7.
358 3360 414 3414 ἔστι
432 3361 561 3416 Vat.mV.
650 3366 691 3415 10.
711 3359 934 3429 προσπίπτουσαι
952 3379 977 3416 V.
1057 3371 1100 3420 11.
1121 3371 1144 3420 Β

137 3447 205 3486 corr.
221 3447 256 3484 ex
275 3435 302 3484 Γ
315 3432 380 3485 Vat.
453 3438 494 3486 13.
516 3433 577 3504 μβ]
598 3449 650 3487 om.
666 3450 691 3502 v,
712 3433 760 3486 να’
776 3432 809 3501 V,
829 3433 882 3500 μθ’
898 3452 934 3488 m.
950 3439 965 3486 2
984 3433 1053 3490 Vat.
1113 3443 1156 3492 15.

136 3500 179 3573 τό]
198 3507 236 3574 τῷ
254 3519 279 3556 v.
363 3507 403 3556 17.
424 3500 605 3572 φαίνεταιτὸ
626 3504 768 3572 ὁρώμενον
786 3521 822 3558 m.
906 3509 946 3559 18.
966 3502 1031 3578 μέν]
1053 3524 1109 3564 om
1129 3527 1156 3564 v.
