2424 3944
138 161 204 225 194
347 165 558 218 ονειοοεαα
575 166 754 218 Βωοααωο
773 167 940 221 ΤΗαοαιε.

136 309 174 372 τὸ
197 313 230 372 Α
257 305 345 392 ὄμμα
373 305 426 373 ἐπὶ
452 309 490 372 τὸ
512 313 561 391 Ν,
594 305 649 373 καὶ
673 307 749 395 περὶ
771 311 833 394 τὴν
855 313 932 376 ΚΝ
953 311 1077 389 κύκλος
1101 337 1156 396 με·

136 413 295 500 γράφθω,
327 411 382 479 καὶ
414 413 662 499 ἐπεζεύχθωσαν
693 416 731 479 αί
755 420 835 500 NP,
859 419 937 500 PK,
960 421 1049 502 ΝΣ,
1072 423 1155 485 ΣΚ.

135 521 260 586 ούκοῦν
282 522 320 585 αι’
341 521 404 586 ἀπὸ
427 530 488 585 τοῦ
510 528 543 586 Α
565 520 709 606 ὄμματος
731 521 861 598 ἀκτῖνες
882 528 1156 607 προσπίπτουσαι

134 629 217 692 κατὰ
235 628 293 704 τάς
311 633 386 710 ΑΛ,
400 634 433 692 Α
439 633 466 692 Ζ
489 637 681 694 πεσοῦνται·
705 629 789 693 ὥστε
807 641 961 714 φανεῖται
979 633 1017 696 τὸ
1040 637 1154 698 ΖΦΔ.

99 735 192 800 σδιά
214 736 254 799 τά
282 735 366 799 αὐτὰ
394 735 435 818 δὴ
462 733 518 800 καί
546 736 584 799 αί
606 734 670 799 ἀπὸ
697 743 758 799 τοῦ
781 740 821 800 Ν
847 734 992 820 ὄμματος
1021 736 1156 815 ἀκτῖνες

132 843 398 926 προσπίπτουσαι
411 843 493 906 κατὰ
507 842 565 918 τὰς
578 846 655 925 ΝΡ,
669 846 744 906 ΝΣ
754 851 947 907 πεσοῦνται·
961 841 1156 927 ὀφθήσεται

132 949 197 1033 ἀρα
215 948 252 1012 τὸ
267 950 377 1011 ΡΦΣ.
410 949 520 1030 μεῖζον
538 943 576 1010 δὲ
594 947 631 1011 τὸ
647 950 748 1011 ΖΦΛ
770 955 830 1012 τοῦ
845 951 955 1011 ΡΦΣ.
993 951 1155 1031 φαίνεται

132 1049 170 1118 δὲ
192 1055 346 1118 ἔλασσον·
369 1055 488 1137 μείζων
511 1053 574 1138 γὰρ
597 1051 618 1135 ἡ
636 1054 720 1138 πρὸς
738 1062 784 1141 τῷ
803 1058 843 1118 Ν
861 1056 966 1135 γωνία
987 1062 1047 1137 τῆς
1064 1056 1154 1141 πρὸς

130 1168 176 1248 τῷ
200 1166 233 1224 Α
256 1162 387 1242 γωνίας.

78 1300 111 1348 10
605 1283 669 1368 λβ’.

197 1410 320 1475 Κύνου
347 1409 471 1474 κύκλον
504 1411 636 1493 ἔχοντος
663 1410 725 1492 τὴν
752 1407 867 1493 βάσιν,
901 1407 958 1473 ἐάν
986 1407 1052 1474 ἀπὸ
1081 1421 1151 1475 τῶν

130 1527 292 1600 σνναφῶν
319 1527 387 1580 τῶν
415 1515 478 1580 ἀπὸ
504 1524 564 1580 τοῦ
588 1517 733 1599 ὄμματος
760 1516 843 1601 πρὸς
866 1516 927 1599 τὴν
949 1523 1010 1579 τοῦ
1033 1517 1150 1581 κώνου

129 1622 229 1707 βάσιν
255 1633 537 1709 προσπιπτουσῶν
565 1621 712 1686 ἀκτίνων
739 1622 871 1687 εὐθεῖαι
898 1621 1067 1705 διαχθῶσι
1091 1623 1149 1687 διά

129 1740 187 1814 τῆς
201 1729 395 1815 ἐπιφανείας
413 1739 471 1812 τῆς
489 1738 548 1793 τοῦ
563 1730 674 1793 κώνου
687 1729 771 1814 πρὸς
785 1730 847 1812 τὴν
859 1729 1015 1812 κορυφὴν
1030 1729 1148 1812 αὐτοῦ,

76 1849 110 1898 15
130 1838 186 1901 διά
210 1834 247 1901 δέ
270 1849 337 1902 τῶν
360 1836 527 1920 ἀχθεισῶν
554 1833 610 1899 καὶ
634 1847 701 1900 τῶν
724 1834 788 1900 ἀπὸ
811 1843 872 1899 τοῦ
896 1836 1041 1918 ὄμματος
1063 1837 1148 1920 πρὸς

128 1945 188 2027 τὴν
205 1943 306 2027 βύσιν
323 1952 384 2007 τοῦ
401 1943 511 2007 κώνου
529 1952 810 2028 προσπιπτουσῶν
829 1940 967 2006 ἐπίπεδα
986 1939 1147 2028 ἐκβληθῇ,

127 2047 181 2114 ἐπὶ
204 2046 241 2113 δὲ
264 2059 322 2133 τῆς
344 2058 458 2132 κοινῆς
480 2058 582 2133 τομῆς
604 2059 673 2113 τῶν
696 2046 860 2113 ἐπιπέδων
883 2048 920 2112 τὸ
940 2048 1028 2131 ὄμμα
1051 2055 1146 2133 τεθῇ,

126 2156 164 2220 τὸ
192 2155 361 2240 ὁρώμενον
389 2164 449 2220 τοῦ
476 2157 587 2220 κώνου
620 2161 695 2220 ίσον
723 2155 779 2218 διὰ
806 2155 930 2230 παντὸς
956 2153 1144 2238 ὀφθήσεται

125 2271 184 2345 τῆς
202 2264 309 2339 ὄύεως
328 2260 380 2326 ἐπὶ
397 2263 611 2347 παραλλήλου
631 2259 788 2327 ἐπιπέδου
807 2270 853 2348 τῷ
869 2259 1142 2349 προϋποκειμένῳ

71 2382 107 2430 20
127 2366 268 2456 ἐπιπέδῳ
292 2368 512 2455 ὑπαρχούσης.

193 2479 274 2541 ἔστω
298 2476 361 2562 χάρ
384 2487 504 2558 κῶνος,
533 2471 573 2540 οὗ
595 2474 693 2558 βάσις
714 2471 775 2559 μὲν
799 2474 816 2540 ὁ
841 2477 902 2538 ΓΔ
924 2474 1060 2559 κύκλος,
1088 2499 1142 2540 κο-

125 2584 216 2668 ρυφὴ
240 2579 277 2646 δὲ
299 2584 336 2647 τὸ
360 2587 389 2646 Β
412 2594 562 2666 σημεῖον,
586 2580 676 2664 ὄμμα
700 2577 737 2645 δὲ
760 2582 797 2646 τὸ
821 2585 867 2664 Κ,
892 2577 951 2664 ἀφ’
973 2576 1014 2645 οὗ
1037 2599 1140 2667 προσ-

72 2703 75 2710 ·
123 2687 331 2754 πιπτέτωσαν
359 2689 487 2765 ἀκτῖνες
514 2690 551 2752 αἱ
575 2691 660 2771 ΚΔ,
684 2690 755 2752 ΚΓ
782 2687 960 2771 ἁπτόμεναι
989 2689 1073 2752 κατά
1101 2689 1140 2754 τά

125 2798 161 2879 Γ,
180 2800 227 2878 Δ,
254 2793 310 2859 καὶ
338 2794 586 2878 ἐπεζεύχθωσαν
614 2794 677 2859 ἀπὸ
700 2805 768 2859 τῶν
791 2800 839 2877 Δ,
859 2797 892 2858 Γ
913 2797 1059 2878 σημείων
1088 2793 1140 2860 ἐπὶ

68 2914 104 2993 νύ
123 2904 184 2986 τὴν
206 2903 360 2987 κορυφὴν
383 2911 442 2967 τοῦ
460 2903 571 2967 κώνου
594 2903 631 2965 αί
647 2905 725 2985 ΔΒ,
745 2904 817 2985 ΓΒ,
840 2898 895 2965 καί
916 2900 974 2964 διά
991 2897 1053 2984 μὲν
1072 2914 1140 2967 τῶν

193 3172 216 3221 5.
236 3166 285 3220 καὶ
304 3165 350 3237 αἱ]
371 3182 438 3220 corr.
459 3181 494 3218 ex
511 3162 560 3219 καί
578 3165 703 3219 m.2V.
785 3171 807 3219 7.
831 3164 921 3235 ΖΦΔ]
944 3166 1022 3218 ΖΦΛ
1040 3182 1085 3234 pv
1108 3167 1137 3218 eh

120 3254 222 3292 eeorr.
242 3238 276 3292 V.
359 3242 382 3292 8.
408 3239 499 3305 μεῖζον
518 3255 544 3292 v.
626 3241 650 3290 9.
675 3236 724 3308 τῷ]
743 3234 774 3289 τό
792 3253 842 3305 pv.
926 3240 969 3289 11.
993 3234 1083 3290 κόνου
1102 3236 1136 3305 V,

121 3310 170 3364 sed
189 3326 257 3363 corr.
332 3313 373 3363 14.
394 3305 547 3377 ἐπιφανίας
565 3326 590 3363 v.
665 3312 706 3362 15.
729 3307 882 3378 ἀχθεισῶν]
903 3324 955 3360 -ει-
975 3322 990 3360 ε
1010 3323 1081 3363 corr.
1102 3307 1135 3362 V.

157 3387 197 3435 16,
221 3381 295 3433 Ante
315 3377 434 3433 ἐπίπεδα
457 3397 510 3435 ras.
531 3388 546 3433 2
566 3379 620 3433 litt.
641 3379 674 3433 V.
767 3383 808 3432 19.
832 3377 1024 3450 παραλλήλου]
1044 3395 1134 3449 comp.

118 3452 203 3520 VpV,
229 3450 358 3505 omnibus
377 3450 480 3504 litteris
500 3451 635 3520 seriptum
654 3449 717 3505 add.
737 3468 773 3503 m.
794 3465 847 3504 rec.
868 3448 901 3504 V.
976 3455 1019 3505 24.
1039 3455 1075 3520 Δ,
1092 3451 1134 3522 Γ]

120 3526 236 3591 Imp.
311 3527 352 3576 25.
373 3522 421 3594 αἱ]
441 3522 542 3577 inras.
562 3523 595 3577 V.
