2416 3952
132 133 174 199 88
471 132 640 185 EUOLIDIS
660 132 798 185 OPTIOA.

132 281 406 365 αλλιγλόγραμμον
429 279 492 363 ἄρα
516 274 584 342 ἐστὶ
607 277 644 341 τὸ
667 279 811 340 ΑΕΓΒ.
850 275 906 339 διὰ
927 274 968 339 τδι
991 274 1075 338 αὐτὰ
1098 274 1139 357 δὴ

130 385 472 471 παραλληλόγραμμόν
508 381 576 447 ἐστι
611 380 666 447 καί
698 384 735 446 τὸ
765 384 908 446 ΕΛΖΓ.
966 383 1071 445 λείπει
1102 377 1138 445 δὲ

132 491 245 575 δείξαι,
269 492 319 557 ὅτι
342 493 481 555 ἔλασσον
504 492 656 574 φαίνεται
679 490 716 553 τὸ
741 487 821 553 αὐτὸ
847 484 902 553 καὶ
920 491 1038 572 μεῖζον.
1076 511 1138 571 φα-

132 601 231 686 νερὸν
254 599 310 680 δή,
343 597 393 663 ὅτι
421 596 570 662 ἐλάσσων
597 592 666 660 ἐστὶ
692 598 797 677 γωνία
824 594 844 678 ἡ
871 594 937 660 ὑπὸ
962 598 1060 659 ΓΕΑ
1082 604 1141 678 τῆς

99 705 198 770 εὑπὸ
227 708 340 784 ΓΕΔ,
372 701 440 768 ἐπεὶ
468 701 645 785 δέδεικται,
677 703 728 767 ὅτι
754 712 870 767 πασῶν
897 713 964 767 τῶν
996 701 1053 766 διδι
1080 708 1140 765 τοῦ

132 809 271 896 κέντρου
304 807 510 894 διαγομένων
547 809 690 875 εὐθειῶν
725 806 780 873 καὶ
811 818 981 873 ποιουσῶν
1014 812 1142 890 γωνίαν

133 917 283 1002 ἐλαχίστη
312 914 401 981 ἐστίν
427 915 448 998 ἡ
474 915 539 981 ὑπὸ
564 919 672 980 ΓΕΑ.
723 915 871 982 έλοίσσων
898 917 962 1000 ἄρα
989 913 1059 980 ἐστὶ
1086 912 1141 980 καὶ

133 1033 190 1108 τῆς
216 1024 281 1089 ὑπὸ
306 1016 414 1088 ΓΕΔ.
458 1026 516 1087 καί
537 1022 605 1087 έστι
632 1031 690 1106 τῆς
716 1019 776 1106 μέν
798 1023 864 1088 ὑπὸ
888 1026 987 1087 ΓΕΑ
1009 1021 1142 1105 ἡμίσεια

132 1130 152 1213 ἡ
185 1130 250 1195 ὑπὸ
279 1134 392 1194 ΒΕΑ·
424 1132 766 1216 παραλληλόγραμμον
792 1131 854 1215 γὰρ
884 1132 1082 1215 ίσόπλευρον
1105 1129 1142 1193 τὸ

80 1248 114 1297 10
133 1241 212 1301 ΒΕ·
235 1246 293 1321 τῆς
315 1232 352 1300 δὲ
373 1236 438 1300 ὑπὸ
459 1239 557 1300 ΓΕΔ
579 1235 599 1318 ἡ
622 1236 687 1301 ὑπὸ
707 1240 820 1300 ΖΕΔ·
847 1237 1142 1321 παραλληλόγραμ-

134 1366 199 1427 μον
220 1344 284 1429 γὰρ
309 1344 506 1428 ἰσόπλευρον
532 1340 587 1407 καὶ
615 1343 652 1407 τὸ
681 1347 752 1406 ΖΕ.
806 1340 862 1406 καὶ
893 1341 913 1425 ἡ
946 1341 1012 1406 ὑπὸ
1041 1345 1143 1405 ΒΕΑ

133 1450 197 1535 ἄρα
225 1447 368 1513 ἐλάττων
396 1446 465 1513 ἐστὶ
492 1456 549 1531 τῆς
576 1447 641 1512 ὑπὸ
666 1452 775 1512 ΖΕΔ.
822 1449 904 1513 ὥστε
931 1445 986 1513 καί
1014 1449 1051 1512 τὸ
1076 1451 1142 1511 ΑΒ

134 1552 275 1639 μέγεθος
298 1563 357 1619 τοῦ
380 1561 413 1619 Δ
420 1559 447 1619 Ζ
470 1552 633 1639 μεγέθους
656 1557 792 1619 ἔλαττον
814 1555 1008 1638 ὀφθήσεται.

199 1659 254 1726 καί
278 1662 425 1746 φανερὸν
449 1660 484 1725 ἐκ
506 1669 566 1725 τοῦ
588 1659 865 1746 προδεδειγμένου
889 1662 1066 1745 λήμματος,
1092 1661 1144 1727 ὅτι

82 1780 114 1829 15
134 1768 305 1851 ἐλάχιστον
323 1764 384 1852 μὲν
401 1768 586 1851 ὀφθήσεται
604 1768 687 1853 πρὸς
704 1776 749 1855 τῷ
769 1774 812 1850 Α,
834 1765 989 1852 μέγιστον
1008 1764 1045 1832 δέ
1060 1769 1144 1852 πρὸς

134 1884 179 1962 τῳ
210 1876 292 1939 κατὰ
324 1874 501 1959 διάμετρον
528 1883 573 1961 τῷ
597 1879 629 1937 Α
656 1877 793 1961 σημείῳ,
827 1880 901 1939 ἴσον
933 1871 969 1938 δέ
999 1875 1035 1939 τὸ
1070 1880 1145 1939 ίσον

134 1978 262 2063 ἀπέχον,
280 1978 333 2064 ἐφ’
355 1978 489 2064 ἑκάτερα
513 1989 572 2051 τοῦ
596 1987 628 2044 Α
651 1983 796 2064 σημείου.

606 2200 673 2258 μα.

199 2295 275 2362 Ἐδιν
298 2294 335 2362 δὲ
358 2299 395 2364 τὸ
419 2298 587 2384 ὁρώμενον
610 2301 692 2384 πρὸς
712 2300 819 2384 ὀρθὰς
838 2295 857 2386 ᾖ
876 2309 921 2388 τῷ
939 2300 1145 2388 ὑποκειμένῳ

83 2419 117 2468 20
136 2403 292 2493 ἐπιπέδῳ,
329 2408 523 2490 μεθίστηται
556 2402 593 2470 δέ
624 2408 661 2471 τὸ
694 2407 781 2491 ὄμμα
814 2405 866 2471 ἐπὶ
898 2408 1021 2472 κύκλου
1054 2428 1145 2493 περι-

136 2516 269 2599 φερείας
289 2510 427 2597 κέντρον
449 2515 581 2596 έχοντος
598 2514 636 2578 τὸ
655 2525 800 2597 σημεῖον,
823 2511 902 2578 καθ’
924 2513 941 2578 ὃ
965 2515 1146 2598 συμβάλλει

136 2621 172 2685 τὸ
196 2617 336 2703 μέγεθος
358 2629 403 2707 τῳ
427 2618 583 2708 ἐπιπέδῳ,
616 2625 690 2684 ίσον
712 2617 762 2684 ἀεὶ
785 2621 822 2685 τὸ
846 2619 1015 2705 ὁρώμενον
1039 2622 1145 2705 φανή-

136 2742 235 2791 σεται.

203 2835 285 2897 ἔστω
316 2831 485 2917 ὁρώμενον
516 2831 657 2916 μέγεθος
686 2834 723 2897 τὸ
752 2837 816 2896 ΑΒ
849 2834 931 2917 πρὸς
963 2832 1070 2917 ὀρθὰς
1102 2843 1145 2919 τῷ

209 3066 232 3116 1.
253 3059 324 3131 ἐστί]
345 3077 448 3115 onum.
521 3061 642 3131 AEPB]
662 3064 776 3114 ΑΕΒΓ
789 3061 856 3114 Vm.
929 3066 953 3114 2.
973 3061 1145 3130 παραλληλό-

137 3152 249 3202 γραμμα
267 3133 300 3201 Α,
320 3149 407 3201 comp.
427 3131 491 3187 vat.
568 3130 599 3185 τὸ
620 3133 745 3203 ΕΔΖΓ]
765 3150 820 3201 mg.
839 3150 875 3187 m.
896 3137 911 3184 2
931 3131 963 3186 V.
1046 3138 1070 3186 3.
1092 3131 1145 3202 ὅτι]

137 3222 192 3273 mg.
211 3223 246 3258 m.
262 3209 278 3258 2
297 3205 330 3258 V.
405 3203 517 3258 ἔλαττον
534 3202 608 3271 Vat„
629 3219 716 3272 comp.
732 3220 757 3257 v.
831 3209 855 3257 4.
877 3202 992 3256 ἔλασσον
1011 3220 1037 3271 v,
1057 3219 1145 3272 comp⁴

136 3275 201 3329 Vat.
292 3280 315 3329 ὃ.
341 3271 416 3346 ἐπεί]
442 3291 497 3342 seq.
517 3290 570 3328 ras,
591 3279 606 3327 2
626 3272 681 3328 litt.
701 3274 734 3342 V,
763 3273 822 3328 ἐπεὶ
842 3269 893 3328 οὖν
912 3274 1038 3328 Vab.Av.
1122 3280 1145 3328 6.

138 3343 255 3417 γωνίαν]
274 3346 366 3416 ὀρθὴν
385 3344 490 3417 γωνίαν
509 3346 575 3414 Vm,
595 3344 687 3414 ὀρθήν
706 3345 770 3400 add.
789 3364 825 3399 m.
847 3351 862 3398 2
881 3346 945 3399 vat.
1008 3349 1031 3398 7.
1053 3345 1145 3416 ΓΕΑ]

139 3421 218 3471 ΓΕΑ
236 3415 324 3485 γωγία
342 3436 377 3472 m.
456 3414 574 3471 ἐλοίττων
593 3416 666 3485 λίνω,
691 3433 778 3485 comp.
798 3434 823 3470 v.
906 3415 962 3483 ἄρα
981 3412 1052 3487 ἐστί]
1074 3415 1145 3470 ἐστὶν

137 3487 193 3556 δλρα
212 3487 337 3543 Vat.Av.
420 3495 443 3544 8.
465 3488 556 3559 ΓΕΑ]
576 3493 598 3540 Α
616 3487 646 3542 in
664 3505 718 3544 ras.
737 3487 771 3556 V,
797 3491 880 3541 ΓΕΔ
897 3487 935 3554 Α,
965 3490 1048 3541 ΓΕΑ
1067 3505 1094 3557 v,
1109 3489 1145 3540 'et
