2424 3944
117 182 182 248 152
329 186 539 239 οεντοοιωιι
556 186 733 239 mommo
753 183 922 239 maome.

183 330 266 415 πρὸς
296 325 358 395 οὐν
385 329 422 393 τὸ
448 330 567 393 πιστὸν
595 323 680 393 εἶναι
706 331 789 393 κατά
814 330 852 394 τὸ
879 330 989 414 παρὸν
1012 329 1050 393 τὸ
1078 328 1132 392 ι’κ-

118 447 211 512 τῖνας
238 431 323 500 εἶναι
350 437 408 511 τὰς
431 434 623 520 ἐκχεομένας
649 434 704 500 καὶ
726 437 886 514 κινούσας
914 437 952 501 τὸ
975 435 1135 522 ὁρατικὸν

118 542 228 619 πάθος
253 541 443 628 ἀρκούντως
466 541 571 607 ἐδόκει
595 543 766 626 είρησθαι,
788 544 872 628 πρὸς
896 540 993 608 δὲτὸ
1017 544 1074 616 τίς
1097 539 1133 604 ἐν

121 658 166 736 τῳ
199 649 288 736 αὐτῷ
322 647 462 736 ἐπιπέδῳ
501 659 572 724 ταῖς
604 646 700 726 ὐψεσι
737 647 889 733 κειμένας
925 650 1134 734 περιφερείας

83 756 255 831 δεύθείας
282 758 464 838 φαίνεσθαι
492 758 581 837 έλεγε
612 756 705 820 τάδε·
737 756 824 820 διότι
857 756 877 840 ἡ
907 756 943 821 έν
970 766 1018 844 τῳ
1043 755 1132 842 αὐτῷ

121 860 262 949 ἐπιπέδῳ
286 864 418 946 κειμένη
440 860 516 938 ὄψις
535 859 692 949 ᾡτινιοῦν
710 868 870 952 θεωρητῳ
890 864 1024 945 τοιαύτη
1044 859 1134 926 ἐστὶν

122 969 204 1032 ὥστε
236 969 315 1051 μήτε
347 966 535 1052 ὑψηλοτέρα
570 963 656 1034 εἶναι
692 977 753 1032 τοῦ
785 968 1021 1055 θεωρουμένου
1055 969 1134 1053 μήτε

121 1072 345 1158 ταπεινοτέρα·
369 1073 407 1137 τὸ
426 1074 489 1158 γάρ
509 1071 609 1161 ἐντῷ
629 1074 718 1162 αὐτῳ
734 1074 876 1163 ἐπιπέδῳ
893 1083 1025 1142 κεῖσθαι
1040 1072 1131 1140 τοῦτ’

121 1183 220 1245 ἐστιν.
260 1182 290 1245 εί
312 1175 374 1245 οὖν
397 1179 473 1243 οὐτε
496 1177 709 1265 ταπεινοτέρα
733 1181 809 1244 οὐτε
832 1177 1020 1265 ὑψηλοτέρα
1046 1178 1135 1245 ἐστὶν

69 1286 142 1370 1οἡ
166 1285 244 1364 ὄφις
270 1296 328 1370 τῆς
356 1285 392 1350 έν
418 1294 464 1372 τῷ
494 1284 635 1373 ἐπιπέδῳ
664 1285 890 1371 γεγραμμένης
916 1290 1135 1373 περιφερείας,

124 1392 198 1477 οὐχὶ
225 1394 335 1458 τοῖσδε
363 1389 423 1477 μέν
450 1402 520 1467 τοῖς
546 1390 681 1477 μέρεσιν
707 1391 914 1480 ὑψηλοτέρας
933 1394 1135 1478 προσβάλλει

124 1500 259 1576 ἀκτῖνας
280 1500 391 1563 τοῖσδε
414 1494 451 1562 δὲ
471 1497 713 1584 ταπεινοτέρας,
737 1499 820 1566 ἀλλά
838 1509 917 1565 πᾶσι
935 1511 1006 1576 τοῖς
1025 1498 1135 1586 μέρεσι

123 1616 181 1691 τῆς
203 1609 414 1691 περιφερείας
437 1610 511 1682 ίσας
533 1605 592 1681 τάς
614 1606 671 1669 διὰ
693 1614 753 1670 τοῦ
773 1605 928 1671 ἐπιπέδου
950 1606 1135 1692 φερομένας

125 1714 260 1791 ἀκτῖνας
281 1711 481 1797 προσβάλλει
509 1712 592 1776 ὥστε
615 1713 677 1795 την
700 1712 805 1796 αὐτην
827 1717 1004 1796 γίγνεσθαι
1028 1715 1135 1778 αἰτίαν

74 1831 107 1882 15
127 1830 186 1886 τοῦ
214 1843 248 1884 τε
275 1820 313 1883 τὸ
337 1816 493 1882 ἐπίπεδον
516 1817 650 1896 εὐθείας
672 1824 861 1903 φαντασίαν
883 1818 1062 1885 ἀπολιπεῖν
1085 1816 1136 1884 καλ

125 1930 187 2012 την
210 1924 246 1990 ἐν
268 1934 314 2013 τῳ
334 1922 475 2011 ἐπιπέδῳ
495 1923 723 2009 γεγραμμένην
740 1924 962 2011 περιφέρειαν.
1000 1925 1135 2011 καὶγὰρ

126 2035 162 2099 τὸ
187 2031 343 2097 ἐπίπεδον
365 2032 402 2095 τὸ
427 2028 476 2095 ἐπ’
498 2031 632 2108 εὐθείας
654 2036 805 2117 κείμενον
827 2041 866 2118 τῇ
885 2031 960 2110 ὄψει
979 2033 1063 2098 αὐτὸ
1082 2029 1137 2118 μὲν

127 2139 321 2223 ἀθεώρητόν
345 2134 413 2201 ἐστὶ
436 2136 492 2200 διὰ
512 2138 550 2201 τὸ
569 2139 613 2222 μὴ
631 2130 849 2225 προσπίπτειν
868 2139 956 2226 αὐτῷ
976 2140 1137 2224 μηδεμίαν

126 2255 194 2310 τῶν
217 2243 284 2308 ἀπὸ
304 2250 362 2326 της
384 2240 491 2319 ὄψεως
515 2242 717 2327 ἐκχεομένων
739 2244 893 2328 ἀκτίνων,
916 2246 954 2311 τδ
978 2242 1017 2310 δέ
1039 2245 1137 2332 πέρας

73 2363 109 2414 20
128 2352 230 2417 αὐτοῦ
253 2356 442 2434 θεωρεῖται,
471 2349 550 2434 ὅπερ
579 2348 668 2415 ἐστὶν
695 2350 715 2434 ἡ
743 2350 942 2437 περιφέρεια.
990 2351 1081 2436 λέγει
1104 2348 1136 2417 δὲ

128 2456 213 2544 [διὰ]
237 2457 299 2540 τὴν
325 2455 409 2540 πρὸς
434 2465 475 2541 τῇ
499 2454 573 2534 ὐύει
600 2454 754 2541 κειμένην
776 2459 945 2543 γραμμήν,
972 2459 1048 2542 ητις
1075 2471 1138 2534 τοῖς

128 2570 257 2639 λοιποῖς
274 2570 334 2626 τοῦ
353 2559 510 2627 ἐπιπέδου
528 2561 662 2648 μέρεσιν
681 2562 932 2649 ἐπιπροσθοῦσα
947 2556 1139 2653 ἀθεώρητον

128 2682 218 2736 ποιεῖ
238 2671 275 2734 τὸ
300 2668 465 2734 ἐπίπεδον.
510 2668 530 2752 ἡ
555 2666 592 2734 δὲ
615 2669 697 2754 αὐτη
726 2672 815 2735 αίτία
842 2669 862 2753 ἡ
886 2668 961 2756 περὶ
989 2682 1052 2737 τοῦ
1076 2672 1139 2738 ἐπι-

130 2776 232 2843 πέδου
251 2785 311 2848 τοῦ
329 2774 379 2839 ἐπ’
396 2774 530 2852 εὐθείας
543 2775 696 2860 κειμένου
710 2786 755 2865 τῳ
771 2775 892 2862 ὄμματι
906 2789 998 2842 ποιεῖ
1009 2779 1139 2854 εὐθείας

77 2897 112 2947 25
131 2884 329 2948 ἀποδιδόναι
348 2886 535 2965 φαντασίαν
557 2881 698 2949 καὶτῶν
714 2895 934 2970 περιφερειῶν
956 2896 1025 2950 τῶν
1045 2885 1083 2952 έν
1099 2893 1138 2973 τῳ

131 2990 220 3078 αὐτῷ
244 2986 385 3075 ἐπιπέδῳ
413 2987 572 3073 κειμένων
595 3000 640 3078 τῳ
666 2988 795 3075 ὄμματι.
839 2994 1021 3076 φαίνεσθαι
1047 2990 1085 3058 δὲ
1105 2992 1137 3057 τὸ

131 3093 191 3181 μέν
205 3099 324 3180 μεῖζον,
344 3095 423 3160 ὅταν
436 3099 586 3173 πλείονες
600 3095 693 3175 ὄψεις
707 3097 938 3182 έπιβάλλωσιν,
953 3099 992 3163 τὸ
1007 3095 1046 3165 δὲ
1060 3105 1138 3180 ίσον,

205 3258 227 3306 1.
248 3250 278 3306 τό
294 3251 367 3322 (pr.)]
385 3260 468 3306 τοῦτο
478 3251 511 3321 V,
531 3269 599 3308 corr.
614 3272 650 3309 m.
665 3270 718 3308 rec.
776 3250 861 3326 εἶναι]
881 3254 911 3308 in
925 3272 980 3310 ras.
995 3274 1032 3310 m.
1047 3272 1099 3311 rec.
1108 3253 1137 3307 V.

169 3321 1138 3449 λωωωῳώωωλαῶωῆωωηῳ

133 3412 187 3449 ωτι.
206 3412 255 3463 pv.
327 3395 414 3466 αὐτῳ]
434 3394 478 3447 b1s
497 3412 524 3463 p,
544 3397 573 3449 et
591 3414 616 3464 v,
637 3397 686 3450 sed
705 3413 773 3452 corr.
856 3401 880 3452 8.
899 3415 1092 3467 ταπεινωτερα
1131 3438 1137 3463 ,

134 3463 1138 3540 amfflm.QWMwmfflm.mfflhmm

133 3555 169 3590 m.
190 3543 204 3589 1
224 3537 257 3591 V.
341 3542 382 3591 14.
402 3533 533 3606 γίνεσθαι
551 3556 577 3607 p.
661 3546 702 3593 17.
722 3538 779 3609 ὐψη
798 3557 824 3593 v,
905 3545 947 3593 20.
967 3536 1138 3611 περιφέρεια]
