2424 3944
305 146 513 199 osriccnuu
530 147 708 201 ancnusro
727 149 893 203 annosus.
1036 147 1101 212 233

571 329 623 394 45.

161 451 266 516 Locus
292 456 343 516 est
371 451 567 538 communis,
598 452 654 516 ubi
684 451 923 538 magnitudines
952 453 1102 536 aequales

92 558 277 642 inaequales
302 560 464 644 adparent

162 682 205 747 sit
233 683 318 746 enim
346 686 464 747 BF=
481 685 555 767 ΓΛ,
582 686 615 746 ct
643 682 764 747 circum
792 685 859 746 ΒΓ
881 682 1102 748 semicirculus

93 789 297 854 describatur
316 793 420 874 ΒΖΓ,
439 788 559 854 circum
580 792 641 854 ΓΔ
659 793 768 854 autem
787 794 991 875 segmentum
1010 790 1103 854 semi-

735 894 855 960 circulo
891 897 1010 980 maius,
1047 897 1102 960 du-

736 1007 912 1087 canturque
937 1007 1013 1089 ZB,
1033 1007 1102 1087 ΖΓ,

738 1114 811 1175 ΖΔ.
838 1109 948 1195 itaque
964 1111 1101 1195 angulus

734 1215 769 1280 in
792 1216 994 1281 semicirculo
1017 1217 1103 1300 posi-

109 1244 338 1489 ?
734 1326 788 1386 tus
821 1322 939 1406 angulo
967 1322 1003 1385 in
1032 1344 1103 1409 seg-

104 1338 630 1519 &AM
734 1433 844 1492 mento
856 1428 978 1492 maiore
992 1429 1102 1512 posito

735 1534 839 1599 maior
884 1539 941 1599 est.
1019 1557 1101 1619 quae

92 1640 203 1700 autem
227 1637 267 1700 ab
291 1637 410 1723 angulo
433 1638 556 1704 maiore
585 1645 771 1722 cernuntur,
798 1640 921 1705 maiora
946 1641 1102 1724 adparent

93 1739 168 1829 [def.
187 1742 231 1827 4].
268 1743 378 1827 itaque
398 1747 465 1808 ΒΓ
483 1745 587 1809 maior
610 1747 744 1831 adparet
768 1769 864 1831 quam
888 1749 962 1831 ΓΛ,
990 1747 1100 1811 eadem

91 1852 201 1912 autem
229 1850 372 1933 aequalis
401 1855 480 1915 erat.
527 1873 603 1937 ergo
627 1853 718 1918 locus
742 1858 792 1918 est
819 1853 1019 1939 communis,
1044 1853 1101 1916 ubi

90 1955 331 2039 magnitudines
355 1957 504 2040 aequales
527 1957 712 2044 inaequales
736 1961 898 2045 adparent.
1143 1955 1144 1958 ¹

569 2173 623 2237 46.

159 2291 264 2357 Locus
284 2298 334 2358 est
353 2295 544 2382 communis,
561 2296 645 2361 unde
662 2296 902 2383 magnitudines
916 2297 1102 2380 inaequales

90 2399 243 2481 aequales
267 2399 429 2483 adparent.

159 2523 202 2587 sit
235 2522 321 2587 enim
348 2525 416 2587 ΒΓ
430 2533 464 2596 >
480 2526 554 2607 ΓΔ,
591 2527 623 2587 et
656 2524 776 2588 circum
804 2527 872 2588 ΒΓ
899 2529 1102 2608 segmentum

90 2628 295 2694 describatur
317 2629 520 2695 semicirculo
544 2629 659 2714 maius,
682 2629 802 2694 circum
821 2632 883 2694 ΓΛ
906 2635 1014 2694 autem
1033 2652 1103 2716 seg-

90 2740 238 2801 mentum
256 2735 305 2800 illi
324 2735 439 2822 simile,
456 2735 487 2799 h.
503 2758 530 2800 e.
545 2736 632 2821 quod
651 2736 806 2822 angulum
820 2736 940 2822 angulo
954 2736 990 2799 in
1004 2740 1106 2801 ΒΖΓ

88 2841 201 2927 posito
233 2844 400 2927 aequalem
428 2842 549 2928 capiat,
579 2843 800 2929 ducanturque
831 2847 907 2928 ΖΒ,
932 2846 1004 2928 ΖΓ,
1029 2847 1101 2907 ΖΛ.

90 2948 246 3032 quoniam
272 2950 375 3036 igitur
402 2949 514 3036 anguli
541 2949 577 3012 in
604 2949 782 3036 segmentis
813 2948 974 3014 similibus
1001 2948 1101 3034 positi

89 3056 177 3120 inter
209 3079 243 3120 se
276 3058 425 3141 aequales
458 3060 548 3142 sunt,
582 3056 681 3120 etiam
714 3056 826 3142 anguli
857 3055 893 3120 in
925 3056 1101 3142 segmentis
1157 3068 1159 3072 ’

90 3167 197 3248 ΒΖΓ,
208 3167 302 3229 ΓΖΛ
315 3163 416 3248 positi
430 3163 516 3228 inter
528 3185 562 3227 se
577 3163 726 3248 aequales
742 3167 827 3228 sunt.
849 3184 931 3247 quae
941 3167 1050 3227 autem
1060 3163 1100 3227 ab

88 3269 220 3355 angulis
233 3270 421 3355 aequalibus
437 3273 621 3354 cernuntur,
636 3269 783 3353 aequalia
797 3269 955 3352 adparent
970 3268 1046 3354 [def.
1055 3269 1101 3355 4].

89 3376 186 3442 oculo
208 3377 311 3462 igitur
332 3377 367 3441 in
392 3380 419 3439 Z
441 3378 562 3461 puncto
585 3375 694 3458 posito
713 3378 781 3439 ΒΓ
799 3375 1016 3461 magnitudini
1040 3379 1102 3440 ΓΔ

87 3481 235 3565 aequalis
268 3481 449 3568 adparebit3
485 3481 596 3546 eadem
629 3487 738 3547 autem
773 3482 877 3546 maior
908 3488 967 3548 est.
1022 3505 1100 3570 ergo
