2424 3944
321 155 478 208 εοΗοιιΑ
495 156 534 208 ιω
551 155 720 208 συοιιοιυ
740 154 878 207 οευιοε.
1043 152 1107 216 129

91 303 125 371 εί
146 300 209 384 γὰρ
232 297 252 381 ἡ
275 298 341 364 ὑπὸ
365 302 466 363 ΗΓΔ
490 300 595 380 γωνία
618 297 719 384 ὀρθή,
745 295 800 362 ααλ
828 297 848 381 η
876 297 941 363 ὑπὸ
965 297 1105 383 Β[ΓΗ]

91 406 183 491 ὀρθὴ
208 409 307 470 ἔσται.

161 530 214 594 20.
246 532 382 595 Κείσθω
410 531 502 616 πρὸς
519 538 565 617 τῷ
593 535 626 593 A
659 531 764 612 γωνία
792 528 880 615 ὀρθὴ
909 528 943 614 [ἡ
966 529 1104 614 ΑΔΕ]·

91 636 270 722 ἀιάμετρος
292 637 357 721 ἀρα
380 636 400 718 ἡ
420 640 494 700 ΑΕ.
532 637 615 700 ὥστε
637 634 658 718 ἡ
681 635 746 701 ὑπὸ
769 638 868 706 ΕΓΔ
890 638 995 716 γωνία
1017 634 1106 714 ὀξεῖα

90 740 148 809 καλ
177 741 197 825 η
225 743 308 807 κατὰ
334 743 488 834 κορυφὴν
514 742 612 828 αὐτῇ,
642 741 662 824 ἡ
691 738 728 807 δὲ
754 742 820 806 ὑπὸ
844 745 943 808 ΒΓΕ
968 742 1106 827 ἀμβλεῖα
1142 752 1159 802 σ

91 846 150 914 καὶ
173 848 194 932 ἡ
217 849 300 914 αατά
322 850 477 934 κορυφὴν
500 849 582 934 αὐτῇ
605 848 625 932 η
647 847 714 913 ὑπὸ
733 853 773 912 Η
774 851 843 913 ΓΛ.
885 849 968 913 ὥστε
986 849 1007 932 ἡ
1025 851 1108 934 πρὸς
1201 886 1204 893 ·

91 957 203 1042 ὀρθάς
229 953 374 1040 ἀγομένη
400 965 441 1041 τῇ
465 958 526 1019 ΓΔ
552 956 572 1039 ἡ
596 958 666 1019 ΚΓ
689 955 815 1039 δηλαδὴ
839 953 931 1032 ἐντὸς
952 967 1107 1021 πεσεῖται.

91 1063 197 1130 πάλιν
220 1061 289 1127 έιιελ
317 1062 337 1144 ἡ
360 1062 425 1128 ὑπὸ
450 1065 549 1127 ΒΓΕ
574 1061 727 1146 ἀμβλεῖα,
759 1060 847 1140 ὀξεῖα
874 1061 895 1145 ἡ
922 1061 987 1143 ύιηὸ
1012 1066 1110 1128 ΓΒΕ

89 1167 149 1236 καὶ
172 1168 192 1252 η
216 1170 299 1236 αατά
321 1170 475 1255 κορυφὴν
498 1169 581 1255 αὐτῇ
604 1168 624 1252 η
646 1169 712 1234 ὑπὸ
733 1173 838 1234 ΖΒΑ.
880 1170 963 1234 ὥστε
985 1168 1107 1256 ἡπρὸς

91 1276 202 1363 ὀρθάς
224 1274 368 1361 ἀγομένη
392 1285 432 1361 τῇ
451 1281 516 1341 ΑΒ
541 1275 633 1353 ἐκτὸς
650 1288 795 1341 πεσεῖται
813 1275 834 1359 η
857 1280 917 1341 ΘΒ
942 1276 1106 1359 δηλονότι.
1126 1285 1161 1335 10

91 1381 372 1466 ἐκβεβλήσθωσαν
398 1380 418 1464 η
450 1387 511 1447 ΘΒ
539 1380 595 1448 καί
621 1385 692 1446 ΚΓ
715 1380 768 1447 ε’τιλ
794 1384 856 1466 τὴν
882 1380 1106 1467 περιφέρειαν,

90 1487 149 1555 καὶ
173 1489 236 1556 ἀπὸ
259 1497 319 1554 τοῦ
338 1487 477 1573 κέντρου
500 1497 560 1554 τοῦ
579 1489 703 1554 κύκλου
722 1490 882 1572 ἤχθωσαν
900 1490 983 1575 πρὸς
1001 1488 1108 1575 ὀρθάς

91 1593 148 1662 ἐπὶ
184 1597 245 1679 τὴν
278 1600 342 1660 ΘΒ
379 1593 435 1662 καί
468 1598 540 1664 ΚΓ
574 1593 812 1679 ἀναβεβλημένας
847 1595 868 1678 ἡ
902 1599 991 1678 AM,
1019 1599 1105 1663 AN·

91 1699 272 1786 τέμνουσιν
295 1704 359 1789 ἀρα
381 1702 503 1777 ταύτας
526 1701 602 1784 δίχα
625 1701 707 1767 κατὰ
725 1701 765 1765 τὰ
784 1705 833 1784 Μ,
851 1705 890 1769 N
909 1712 1026 1785 σημεῖα
1050 1702 1107 1766 ὃιά

91 1809 132 1872 τὸ
156 1807 190 1891 γ’
213 1817 272 1874 τοῦ
296 1807 329 1891 γ’
353 1819 421 1875 τῶν
444 1810 635 1891 Στοιχείων.
678 1806 860 1889 ἐπεζεύχθω
885 1806 905 1890 ἡ
929 1811 1010 1890 ΛΘ,
1030 1811 1106 1891 ΛΚ.
1128 1817 1161 1868 15

91 1912 150 1979 καί
174 1912 242 1979 ἐπεὶ
266 1921 334 1980 ίσαι
358 1913 443 1980 είσλν
466 1909 577 1979 αὗται·
601 1912 636 1978 έιι
659 1911 798 1999 κέντρου
822 1913 885 1999 γὰρ
904 1922 964 1979 τοῦ
984 1918 1028 1978 Λ·
1051 1912 1106 1980 καλ

90 2020 328 2086 ὑποτείνουσιν
355 2022 461 2108 ὀρθὰς
488 2023 611 2103 γωνίας
637 2021 696 2096 τάς
723 2020 805 2106 πρὸς
834 2028 880 2108 τῷ
908 2024 952 2084 Μ
979 2019 1034 2086 καλ
1062 2026 1106 2105 N,

90 2127 131 2191 τὸ
159 2128 224 2213 ἀρα
250 2127 314 2194 ἀπὸ
341 2138 399 2213 τῆς
422 2132 490 2192 ΛΘ
518 2134 592 2193 ἴσον
615 2130 705 2192 ἔσται
732 2137 803 2203 τοῖς
826 2125 889 2192 ἀπὸ
915 2131 1002 2211 ΘΜ,
1021 2132 1106 2211 ΜΛ,

91 2233 252 2309 ὡσαύτως
273 2231 310 2299 δὲ
332 2232 388 2299 καί
409 2236 447 2299 τὸ
472 2234 535 2300 ἀπὸ
559 2238 627 2298 ΚΛ
650 2239 725 2298 ίσον
747 2244 817 2308 τοῖς
841 2231 904 2299 ἀπὸ
928 2237 1010 2318 ΚΝ,
1029 2239 1105 2299 ΝΛ.

91 2339 215 2423 ἀλλάη
237 2343 315 2404 ΘΜ
332 2347 371 2423 τη
390 2343 466 2404 ΚΝ
485 2345 553 2422 ίση·
577 2340 660 2404 ὥστε
677 2337 733 2405 καλ
750 2338 771 2422 ἡ
790 2343 866 2403 ΜΛ
888 2349 927 2426 τῇ
947 2344 1022 2405 AN
1041 2346 1105 2424 ίση.
1125 2351 1163 2401 20

90 2451 163 2510 ίσαι
186 2448 250 2531 ἀρα
275 2444 295 2528 η
321 2445 431 2529 ΘΒΞ,
455 2448 567 2511 ΚΓΠ.
605 2445 647 2510 ἀν
671 2447 712 2530 δὴ
735 2447 852 2510 τοίνυν
876 2451 949 2522 ίσας
971 2447 1107 2522 ταύταις

91 2549 208 2638 ἑτέρας
231 2552 293 2616 δύο
317 2552 451 2627 εὐθείας
473 2551 660 2636 ἀγάγωμεν·
691 2552 836 2616 δυνατὸν
860 2551 937 2635 γάμ·
960 2553 1022 2635 τὴν
1040 2558 1106 2617 ΑΔ

89 2659 195 2741 τυχὸν
213 2656 269 2723 καὶ
288 2663 354 2725 ΡΣ
368 2660 551 2743 τεμνούσας
568 2659 651 2745 πρὸς
669 2657 776 2742 ὀρθὰς
793 2659 854 2741 τὴν
875 2662 982 2741 ΘΒΖ,
1001 2661 1109 2723 ΚΓΠ

88 2764 175 2830 αατά
197 2788 233 2830 τε
255 2766 296 2830 τά
318 2770 358 2849 Β,
378 2770 410 2831 Γ
431 2764 486 2834 καί
514 2769 550 2849 T,
572 2771 601 2829 Y
625 2775 756 2849 σημεῖα,
784 2761 839 2829 καί
863 2770 945 2830 ίσων
968 2763 1105 2850 ἀφαιρε-

88 2878 220 2937 θεισῶν
247 2884 315 2937 τῶν
339 2876 415 2955 ΓΒ,
434 2871 546 2956 Β[Ί’]·
580 2877 648 2936 ίσαι
676 2871 739 2955 γὰρ
769 2871 825 2935 διὰ
851 2872 913 2954 τὴν
937 2876 1012 2955 ίσην
1039 2870 1103 2937 ἀπὸ
1122 2882 1159 2932 25

165 3026 207 3101 ’νο
227 3045 274 3101 V'.

166 3228 189 3277 1.
210 3223 311 3294 ΒΓΗ]
332 3227 391 3278 ΓΗ
406 3223 464 3293 legi
481 3240 538 3277 non
556 3226 681 3293 possunt.
744 3228 768 3278 3.
788 3220 904 3294 κείσθω]
923 3221 987 3276 fort.
1003 3231 1101 3277 νεῖται.

129 3294 265 3365 ἡΑΔΕ]
290 3310 370 3349 euan.
466 3300 508 3349 13.
533 3296 601 3366 ΘΒ]
625 3311 693 3348 corr.
713 3310 747 3347 ex
768 3297 825 3349 ΘΔ.
905 3292 936 3385 ἡ]
956 3293 1043 3348 immo
1063 3293 1101 3363 αλ,

89 3365 143 3420 sed
157 3363 205 3419 cfr.
216 3364 264 3420 lin.
277 3370 318 3435 15,
329 3371 371 3435 21,
382 3370 424 3419 23.
479 3371 521 3420 22,
540 3365 609 3419 Post
627 3363 742 3427 εὐθείας
761 3365 814 3420 del.
828 3382 981 3434 τεμνουσας
999 3366 1103 3428 ταύτας

88 3436 163 3504 πρὸς
181 3434 279 3504 ὀρθάς.
337 3442 379 3492 25,
402 3437 440 3508 Τ]
459 3436 517 3506 legi
534 3453 591 3490 non
605 3439 711 3505 potest3
731 3435 807 3490 idem
821 3437 856 3490 de
871 3435 1000 3490 omnibus
1014 3436 1101 3507 ualet,

89 3523 167 3577 quae
187 3509 218 3580 []
237 3507 347 3562 inclusi.

146 3606 298 3660 Euclides,
312 3607 363 3648 edd.
377 3606 479 3658 Hoiberg
493 3609 516 3647 et
525 3607 614 3658 Menge.
637 3608 689 3651 vn.
929 3603 944 3651 9
