<?xml version="1.0" encoding="UTF-8"?>
<!DOCTYPE html PUBLIC "-//W3C//DTD XHTML 1.0 Transitional//EN"
    "http://www.w3.org/TR/xhtml1/DTD/xhtml1-transitional.dtd">
<html xmlns="http://www.w3.org/1999/xhtml" xml:lang="en" lang="en">
 <head>
  <title>
</title>
<meta http-equiv="Content-Type" content="text/html;charset=utf-8" />
  <meta name='ocr-system' content='tesseract 3.04.00' />
  <meta name='ocr-capabilities' content='ocr_page ocr_carea ocr_par ocr_line ocrx_word'/>
</head>
<body>
  <div class='ocr_page' id='page_1' title='image "./euclidisoperaom01unkngoog_0085.png"; bbox 0 0 2424 3944; ppageno 0'>
   <div class='ocr_carea' id='block_1_1' title="bbox 139 180 803 244">
    <p class='ocr_par' dir='ltr' id='par_1_1' title="bbox 139 180 803 244">
     <span class='ocr_line' id='line_1_1' title="bbox 139 180 803 244; baseline -0.002 -9"><span class='ocrx_word' id='word_1_1' title='bbox 139 180 182 244; x_wconf 81' lang='grc'><strong><em>22</em></strong></span> <span class='ocrx_word' id='word_1_2' title='bbox 478 183 648 234; x_wconf 84' lang='lat' dir='ltr'>EUCLIDIS</span> <span class='ocrx_word' id='word_1_3' title='bbox 667 183 803 235; x_wconf 78' lang='lat' dir='ltr'>OPTIOA.</span> 
     </span>
    </p>
   </div>
   <div class='ocr_carea' id='block_1_2' title="bbox 138 318 1153 626">
    <p class='ocr_par' dir='ltr' id='par_1_2' title="bbox 138 318 1153 626">
     <span class='ocr_line' id='line_1_2' title="bbox 138 318 1153 414; baseline -0.001 -23"><span class='ocrx_word' id='word_1_4' title='bbox 138 325 208 391; x_wconf 78' lang='grc' dir='ltr'><strong><em>ἐστὶ</em></strong></span> <span class='ocrx_word' id='word_1_5' title='bbox 230 324 286 392; x_wconf 82' lang='grc' dir='ltr'><strong><em>καὶ</em></strong></span> <span class='ocrx_word' id='word_1_6' title='bbox 308 329 348 391; x_wconf 88' lang='grc' dir='ltr'><strong><em>τά</em></strong></span> <span class='ocrx_word' id='word_1_7' title='bbox 371 331 412 408; x_wconf 90' lang='grc' dir='ltr'><strong><em>Α,</em></strong></span> <span class='ocrx_word' id='word_1_8' title='bbox 433 328 469 409; x_wconf 91' lang='grc' dir='ltr'><strong><em>Γ,</em></strong></span> <span class='ocrx_word' id='word_1_9' title='bbox 488 330 520 390; x_wconf 92' lang='grc' dir='ltr'><strong>Ε</strong></span> <span class='ocrx_word' id='word_1_10' title='bbox 541 337 667 411; x_wconf 79' lang='grc' dir='ltr'><strong><em>σημεῖα,</em></strong></span> <span class='ocrx_word' id='word_1_11' title='bbox 695 325 732 391; x_wconf 81' lang='grc' dir='ltr'><strong><em>έν</em></strong></span> <span class='ocrx_word' id='word_1_12' title='bbox 756 318 783 414; x_wconf 76' lang='grc' dir='ltr'><em>ᾦ</em></span> <span class='ocrx_word' id='word_1_13' title='bbox 806 321 843 390; x_wconf 75' lang='grc' dir='ltr'><strong><em>δὲ</em></strong></span> <span class='ocrx_word' id='word_1_14' title='bbox 865 327 906 390; x_wconf 89' lang='grc' dir='ltr'><strong><em>τά</em></strong></span> <span class='ocrx_word' id='word_1_15' title='bbox 928 331 971 409; x_wconf 90' lang='grc' dir='ltr'><strong><em>Α,</em></strong></span> <span class='ocrx_word' id='word_1_16' title='bbox 991 329 1028 410; x_wconf 89' lang='grc' dir='ltr'><strong><em>Γ,</em></strong></span> <span class='ocrx_word' id='word_1_17' title='bbox 1046 330 1090 410; x_wconf 91' lang='grc' dir='ltr'><strong><em>Ε,</em></strong></span> <span class='ocrx_word' id='word_1_18' title='bbox 1115 326 1153 391; x_wconf 87' lang='grc' dir='ltr'><strong><em>έν</em></strong></span> 
     </span>
     <span class='ocr_line' id='line_1_3' title="bbox 138 432 1153 522; baseline -0.002 -24"><span class='ocrx_word' id='word_1_19' title='bbox 138 435 245 522; x_wconf 81' lang='grc' dir='ltr'><strong><em>τούτω</em></strong></span> <span class='ocrx_word' id='word_1_20' title='bbox 268 432 323 498; x_wconf 81' lang='grc' dir='ltr'><strong><em>καὶ</em></strong></span> <span class='ocrx_word' id='word_1_21' title='bbox 347 433 386 497; x_wconf 90' lang='grc' dir='ltr'><strong><em>τά</em></strong></span> <span class='ocrx_word' id='word_1_22' title='bbox 410 437 486 517; x_wconf 90' lang='grc' dir='ltr'><strong><em>ΑΒ,</em></strong></span> <span class='ocrx_word' id='word_1_23' title='bbox 507 436 577 517; x_wconf 86' lang='grc' dir='ltr'><strong><em>ΓΔ,</em></strong></span> <span class='ocrx_word' id='word_1_24' title='bbox 596 438 660 497; x_wconf 98' lang='grc' dir='ltr'><strong><em>ΕΖ</em></strong></span> <span class='ocrx_word' id='word_1_25' title='bbox 683 432 822 517; x_wconf 90' lang='grc' dir='ltr'><strong><em>μεγέθη,</em></strong></span> <span class='ocrx_word' id='word_1_26' title='bbox 850 434 888 498; x_wconf 86' lang='grc' dir='ltr'><strong><em>τὸ</em></strong></span> <span class='ocrx_word' id='word_1_27' title='bbox 911 437 979 497; x_wconf 90' lang='grc' dir='ltr'><strong><em>ΑΒ</em></strong></span> <span class='ocrx_word' id='word_1_28' title='bbox 1002 434 1068 516; x_wconf 86' lang='grc' dir='ltr'><strong><em>ἀρα</em></strong></span> <span class='ocrx_word' id='word_1_29' title='bbox 1090 441 1153 497; x_wconf 88' lang='grc' dir='ltr'><strong><em>τοῦ</em></strong></span> 
     </span>
     <span class='ocr_line' id='line_1_4' title="bbox 140 536 1038 626; baseline -0.002 -20"><span class='ocrx_word' id='word_1_30' title='bbox 140 544 201 606; x_wconf 85' lang='grc' dir='ltr'><strong><em>ΓΛ</em></strong></span> <span class='ocrx_word' id='word_1_31' title='bbox 224 542 465 626; x_wconf 77' lang='grc' dir='ltr'><strong><em>μετεωρότερον</em></strong></span> <span class='ocrx_word' id='word_1_32' title='bbox 489 543 654 624; x_wconf 87' lang='grc' dir='ltr'><strong><em>φαίνεται,</em></strong></span> <span class='ocrx_word' id='word_1_33' title='bbox 676 542 713 605; x_wconf 89' lang='grc' dir='ltr'><strong><em>τὸ</em></strong></span> <span class='ocrx_word' id='word_1_34' title='bbox 738 536 775 604; x_wconf 73' lang='grc' dir='ltr'><strong><em>δὲ</em></strong></span> <span class='ocrx_word' id='word_1_35' title='bbox 798 544 859 605; x_wconf 87' lang='grc' dir='ltr'><strong><em>ΓΔ</em></strong></span> <span class='ocrx_word' id='word_1_36' title='bbox 881 549 942 605; x_wconf 82' lang='grc' dir='ltr'><strong><em>τοῦ</em></strong></span> <span class='ocrx_word' id='word_1_37' title='bbox 965 545 1038 606; x_wconf 88' lang='grc' dir='ltr'><strong><em>ΕΖ.</em></strong></span> 
     </span>
    </p>
   </div>
   <div class='ocr_carea' id='block_1_3' title="bbox 65 715 1155 1998">
    <p class='ocr_par' dir='ltr' id='par_1_3' title="bbox 65 715 1155 1998">
     <span class='ocr_line' id='line_1_5' title="bbox 615 715 671 783; baseline 0.018 -1"><span class='ocrx_word' id='word_1_38' title='bbox 615 715 671 783; x_wconf 77' lang='grc' dir='ltr'><strong><em>ιδ’.</em></strong></span> 
     </span>
     <span class='ocr_line' id='line_1_6' title="bbox 102 841 1153 928; baseline 0.005 -26"><span class='ocrx_word' id='word_1_39' title='bbox 102 854 119 902; x_wconf 75' lang='lat'><strong>5</strong></span> <span class='ocrx_word' id='word_1_40' title='bbox 210 846 283 906; x_wconf 84' lang='grc' dir='ltr'><strong><em>Τῶν</em></strong></span> <span class='ocrx_word' id='word_1_41' title='bbox 307 849 389 908; x_wconf 80' lang='grc' dir='ltr'><strong><em>ἀσων</em></strong></span> <span class='ocrx_word' id='word_1_42' title='bbox 413 850 565 926; x_wconf 75' lang='grc' dir='ltr'><strong><em>μεγεθῶν</em></strong></span> <span class='ocrx_word' id='word_1_43' title='bbox 586 841 642 907; x_wconf 81' lang='grc' dir='ltr'><strong><em>καὶ</em></strong></span> <span class='ocrx_word' id='word_1_44' title='bbox 665 842 818 928; x_wconf 80' lang='grc' dir='ltr'><strong><em>ἀνωτέρω</em></strong></span> <span class='ocrx_word' id='word_1_45' title='bbox 842 851 902 907; x_wconf 88' lang='grc' dir='ltr'><strong><em>τοῦ</em></strong></span> <span class='ocrx_word' id='word_1_46' title='bbox 922 843 1067 927; x_wconf 79' lang='grc' dir='ltr'><strong><em>ὄμματος</em></strong></span> <span class='ocrx_word' id='word_1_47' title='bbox 1084 865 1153 907; x_wconf 86' lang='grc' dir='ltr'><strong><em>κει-</em></strong></span> 
     </span>
     <span class='ocr_line' id='line_1_7' title="bbox 137 947 870 1037; baseline 0.001 -23"><span class='ocrx_word' id='word_1_48' title='bbox 137 947 247 1034; x_wconf 80' lang='grc' dir='ltr'><strong><em>μένων</em></strong></span> <span class='ocrx_word' id='word_1_49' title='bbox 270 951 310 1015; x_wconf 89' lang='grc' dir='ltr'><strong><em>τά</em></strong></span> <span class='ocrx_word' id='word_1_50' title='bbox 332 953 446 1037; x_wconf 88' lang='grc' dir='ltr'><strong><em>πόρρω</em></strong></span> <span class='ocrx_word' id='word_1_51' title='bbox 470 954 684 1036; x_wconf 89' lang='grc' dir='ltr'><strong><em>ταπεινότερα</em></strong></span> <span class='ocrx_word' id='word_1_52' title='bbox 706 953 870 1034; x_wconf 87' lang='grc' dir='ltr'><strong><em>φαίνεται.</em></strong></span> 
     </span>
     <span class='ocr_line' id='line_1_8' title="bbox 204 1057 1154 1142; baseline 0.001 -22"><span class='ocrx_word' id='word_1_53' title='bbox 204 1058 286 1120; x_wconf 81' lang='grc' dir='ltr'><strong><em>ἔστω</em></strong></span> <span class='ocrx_word' id='word_1_54' title='bbox 320 1062 375 1122; x_wconf 72' lang='grc' dir='ltr'><strong><em>ἴσα</em></strong></span> <span class='ocrx_word' id='word_1_55' title='bbox 402 1057 527 1141; x_wconf 87' lang='grc' dir='ltr'><strong><em>μεγέθη</em></strong></span> <span class='ocrx_word' id='word_1_56' title='bbox 559 1058 599 1121; x_wconf 89' lang='grc' dir='ltr'><strong><em>τά</em></strong></span> <span class='ocrx_word' id='word_1_57' title='bbox 626 1062 707 1141; x_wconf 90' lang='grc' dir='ltr'><strong><em>ΑΒ,</em></strong></span> <span class='ocrx_word' id='word_1_58' title='bbox 732 1061 807 1141; x_wconf 85' lang='grc' dir='ltr'><strong><em>ΓΛ,</em></strong></span> <span class='ocrx_word' id='word_1_59' title='bbox 830 1062 894 1122; x_wconf 88' lang='grc' dir='ltr'><strong><em>ΕΖ</em></strong></span> <span class='ocrx_word' id='word_1_60' title='bbox 927 1059 1154 1142; x_wconf 87' lang='grc' dir='ltr'><strong><em>μετεωρότερα</em></strong></span> 
     </span>
     <span class='ocr_line' id='line_1_9' title="bbox 136 1161 1155 1247; baseline -0.001 -20"><span class='ocrx_word' id='word_1_61' title='bbox 136 1166 269 1246; x_wconf 86' lang='grc' dir='ltr'><strong><em>κείμενα</em></strong></span> <span class='ocrx_word' id='word_1_62' title='bbox 287 1172 347 1227; x_wconf 91' lang='grc' dir='ltr'><strong><em>τοῦ</em></strong></span> <span class='ocrx_word' id='word_1_63' title='bbox 367 1165 511 1247; x_wconf 82' lang='grc' dir='ltr'><strong><em>ὄμματος</em></strong></span> <span class='ocrx_word' id='word_1_64' title='bbox 528 1173 588 1228; x_wconf 83' lang='grc' dir='ltr'><strong><em>τοῦ</em></strong></span> <span class='ocrx_word' id='word_1_65' title='bbox 606 1168 650 1228; x_wconf 90' lang='grc' dir='ltr'><strong><em>Η.</em></strong></span> <span class='ocrx_word' id='word_1_66' title='bbox 688 1161 783 1247; x_wconf 78' lang='grc' dir='ltr'><strong><em>λέγω,</em></strong></span> <span class='ocrx_word' id='word_1_67' title='bbox 802 1164 854 1230; x_wconf 87' lang='grc' dir='ltr'><strong><em>ὄτι</em></strong></span> <span class='ocrx_word' id='word_1_68' title='bbox 871 1163 909 1228; x_wconf 91' lang='grc' dir='ltr'><strong><em>τὸ</em></strong></span> <span class='ocrx_word' id='word_1_69' title='bbox 924 1167 989 1227; x_wconf 91' lang='lat' dir='ltr'><strong><em>AB</em></strong></span> <span class='ocrx_word' id='word_1_70' title='bbox 1008 1170 1069 1226; x_wconf 83' lang='grc' dir='ltr'><strong><em>τοῦ</em></strong></span> <span class='ocrx_word' id='word_1_71' title='bbox 1090 1166 1155 1227; x_wconf 87' lang='grc' dir='ltr'><strong><em>ΓΛ</em></strong></span> 
     </span>
     <span class='ocr_line' id='line_1_10' title="bbox 136 1267 791 1355; baseline 0.003 -22"><span class='ocrx_word' id='word_1_72' title='bbox 136 1273 369 1355; x_wconf 82' lang='grc' dir='ltr'><strong><em>ταπεινότερον</em></strong></span> <span class='ocrx_word' id='word_1_73' title='bbox 396 1273 564 1355; x_wconf 83' lang='grc' dir='ltr'><strong><em>φαίνεται,</em></strong></span> <span class='ocrx_word' id='word_1_74' title='bbox 596 1270 633 1334; x_wconf 89' lang='grc' dir='ltr'><strong><em>τὸ</em></strong></span> <span class='ocrx_word' id='word_1_75' title='bbox 666 1267 702 1334; x_wconf 76' lang='grc' dir='ltr'><strong><em>δὲ</em></strong></span> <span class='ocrx_word' id='word_1_76' title='bbox 730 1273 791 1335; x_wconf 87' lang='grc' dir='ltr'><strong><em>ΓΔ</em></strong></span> 
     </span>
     <span class='ocr_line' id='line_1_11' title="bbox 85 1371 1061 1462; baseline -0.004 -19"><span class='ocrx_word' id='word_1_77' title='bbox 85 1394 118 1445; x_wconf 85' lang='grc'><strong><em>10</em></strong></span> <span class='ocrx_word' id='word_1_78' title='bbox 136 1385 197 1441; x_wconf 86' lang='grc' dir='ltr'><strong><em>τοῦ</em></strong></span> <span class='ocrx_word' id='word_1_79' title='bbox 222 1381 295 1442; x_wconf 92' lang='grc' dir='ltr'><strong><em>ΕΖ.</em></strong></span> <span class='ocrx_word' id='word_1_80' title='bbox 339 1375 635 1462; x_wconf 77' lang='grc' dir='ltr'><strong><em>προσπιπτέτωσαν</em></strong></span> <span class='ocrx_word' id='word_1_81' title='bbox 662 1376 791 1452; x_wconf 81' lang='grc' dir='ltr'><strong><em>ἀκτῖνες</em></strong></span> <span class='ocrx_word' id='word_1_82' title='bbox 850 1373 888 1433; x_wconf 79' lang='lat' dir='ltr'><em>A</em></span> <span class='ocrx_word' id='word_1_83' title='bbox 933 1372 972 1432; x_wconf 76' lang='grc' dir='ltr'><em>Γ</em></span> <span class='ocrx_word' id='word_1_84' title='bbox 1022 1371 1061 1431; x_wconf 68' lang='lat' dir='ltr'><strong><em>E</em></strong></span> 
     </span>
     <span class='ocr_line' id='line_1_12' title="bbox 137 1477 790 1570; baseline -0.006 -21"><span class='ocrx_word' id='word_1_85' title='bbox 137 1486 175 1549; x_wconf 75' lang='grc' dir='ltr'><strong><em>αἱ</em></strong></span> <span class='ocrx_word' id='word_1_86' title='bbox 190 1488 272 1570; x_wconf 88' lang='grc' dir='ltr'><strong><em>ΗΒ,</em></strong></span> <span class='ocrx_word' id='word_1_87' title='bbox 289 1489 368 1568; x_wconf 84' lang='grc' dir='ltr'><strong><em>ΗΛ,</em></strong></span> <span class='ocrx_word' id='word_1_88' title='bbox 386 1489 465 1549; x_wconf 91' lang='grc' dir='ltr'><strong><em>ΗΖ.</em></strong></span> <span class='ocrx_word' id='word_1_89' title='bbox 509 1481 578 1548; x_wconf 83' lang='grc' dir='ltr'><strong><em>ἐπεὶ</em></strong></span> <span class='ocrx_word' id='word_1_90' title='bbox 602 1477 790 1564; x_wconf 82' lang='grc' dir='ltr'><strong><em>οὖνηΗΒ</em></strong></span> 
     </span>
     <span class='ocr_line' id='line_1_13' title="bbox 137 1586 1078 1676; baseline -0.011 -20"><span class='ocrx_word' id='word_1_91' title='bbox 137 1589 229 1668; x_wconf 82' lang='grc' dir='ltr'><strong><em>ἀκτὶς</em></strong></span> <span class='ocrx_word' id='word_1_92' title='bbox 264 1600 322 1676; x_wconf 81' lang='grc' dir='ltr'><strong><em>της</em></strong></span> <span class='ocrx_word' id='word_1_93' title='bbox 353 1596 427 1656; x_wconf 86' lang='grc' dir='ltr'><strong><em>ΗΔ</em></strong></span> <span class='ocrx_word' id='word_1_94' title='bbox 462 1589 532 1655; x_wconf 81' lang='grc' dir='ltr'><strong><em>ἐστι</em></strong></span> <span class='ocrx_word' id='word_1_95' title='bbox 567 1587 791 1674; x_wconf 88' lang='grc' dir='ltr'><strong><em>ταπεινοτέρα,</em></strong></span> <span class='ocrx_word' id='word_1_96' title='bbox 1046 1586 1078 1646; x_wconf 75' lang='grc' dir='ltr'><strong>Ζ</strong></span> 
     </span>
     <span class='ocr_line' id='line_1_14' title="bbox 136 1689 791 1785; baseline -0.005 -23"><span class='ocrx_word' id='word_1_97' title='bbox 136 1695 218 1780; x_wconf 75' lang='grc' dir='ltr'><strong><em>ἡδὲ</em></strong></span> <span class='ocrx_word' id='word_1_98' title='bbox 235 1702 308 1763; x_wconf 90' lang='grc' dir='ltr'><strong><em>ΗΔ</em></strong></span> <span class='ocrx_word' id='word_1_99' title='bbox 330 1707 388 1782; x_wconf 78' lang='grc' dir='ltr'><strong><em>τῆς</em></strong></span> <span class='ocrx_word' id='word_1_100' title='bbox 406 1701 486 1780; x_wconf 92' lang='grc' dir='ltr'><strong><em>ΗΖ,</em></strong></span> <span class='ocrx_word' id='word_1_101' title='bbox 509 1696 582 1762; x_wconf 78' lang='grc' dir='ltr'><strong><em>ἀλλ’</em></strong></span> <span class='ocrx_word' id='word_1_102' title='bbox 601 1689 683 1785; x_wconf 75' lang='grc' dir='ltr'><strong><em>ένῷ</em></strong></span> <span class='ocrx_word' id='word_1_103' title='bbox 706 1698 791 1760; x_wconf 80' lang='grc' dir='ltr'><strong><em>εἰσιν</em></strong></span> 
     </span>
     <span class='ocr_line' id='line_1_15' title="bbox 137 1801 790 1890; baseline -0.005 -21"><span class='ocrx_word' id='word_1_104' title='bbox 137 1806 174 1870; x_wconf 78' lang='grc' dir='ltr'><strong><em>αἰ</em></strong></span> <span class='ocrx_word' id='word_1_105' title='bbox 199 1808 283 1889; x_wconf 90' lang='grc' dir='ltr'><strong><em>ΗΒ,</em></strong></span> <span class='ocrx_word' id='word_1_106' title='bbox 305 1809 389 1889; x_wconf 87' lang='grc' dir='ltr'><strong><em>ΗΔ,</em></strong></span> <span class='ocrx_word' id='word_1_107' title='bbox 410 1808 494 1887; x_wconf 91' lang='grc' dir='ltr'><strong><em>ΗΖ,</em></strong></span> <span class='ocrx_word' id='word_1_108' title='bbox 527 1803 564 1869; x_wconf 87' lang='grc' dir='ltr'><strong><em>έν</em></strong></span> <span class='ocrx_word' id='word_1_109' title='bbox 589 1805 696 1890; x_wconf 79' lang='grc' dir='ltr'><strong><em>τούτῳ</em></strong></span> <span class='ocrx_word' id='word_1_110' title='bbox 721 1801 790 1867; x_wconf 81' lang='grc' dir='ltr'><strong><em>ἐστὶ</em></strong></span> 
     </span>
     <span class='ocr_line' id='line_1_16' title="bbox 65 1904 791 1998; baseline 0.004 -27"><span class='ocrx_word' id='word_1_111' title='bbox 65 1910 191 1977; x_wconf 81' lang='grc' dir='ltr'><strong><em>,15ιιαὶ</em></strong></span> <span class='ocrx_word' id='word_1_112' title='bbox 217 1912 258 1975; x_wconf 90' lang='grc' dir='ltr'><strong><em>τά</em></strong></span> <span class='ocrx_word' id='word_1_113' title='bbox 281 1916 324 1994; x_wconf 89' lang='grc' dir='ltr'><strong><em>Β,</em></strong></span> <span class='ocrx_word' id='word_1_114' title='bbox 348 1919 397 1994; x_wconf 89' lang='grc' dir='ltr'><strong><em>Δ,</em></strong></span> <span class='ocrx_word' id='word_1_115' title='bbox 421 1915 449 1976; x_wconf 93' lang='grc' dir='ltr'><strong>Ζ</strong></span> <span class='ocrx_word' id='word_1_116' title='bbox 476 1923 607 1996; x_wconf 78' lang='grc' dir='ltr'><strong><em>σημεῖα,</em></strong></span> <span class='ocrx_word' id='word_1_117' title='bbox 634 1911 671 1976; x_wconf 87' lang='grc' dir='ltr'><strong><em>έν</em></strong></span> <span class='ocrx_word' id='word_1_118' title='bbox 699 1904 725 1998; x_wconf 76' lang='grc' dir='ltr'><em>ᾧ</em></span> <span class='ocrx_word' id='word_1_119' title='bbox 754 1907 791 1974; x_wconf 74' lang='grc' dir='ltr'><strong><em>δὲ</em></strong></span> 
     </span>
    </p>
   </div>
   <div class='ocr_carea' id='block_1_4' title="bbox 135 2016 1153 2424">
    <p class='ocr_par' dir='ltr' id='par_1_4' title="bbox 135 2016 1145 2208">
     <span class='ocr_line' id='line_1_17' title="bbox 135 2016 1145 2116; baseline 0.003 -35"><span class='ocrx_word' id='word_1_120' title='bbox 135 2019 176 2082; x_wconf 89' lang='grc' dir='ltr'><strong><em>τά</em></strong></span> <span class='ocrx_word' id='word_1_121' title='bbox 207 2022 251 2101; x_wconf 90' lang='grc' dir='ltr'><strong><em>Β,</em></strong></span> <span class='ocrx_word' id='word_1_122' title='bbox 280 2024 327 2101; x_wconf 87' lang='grc' dir='ltr'><strong><em>Δ,</em></strong></span> <span class='ocrx_word' id='word_1_123' title='bbox 357 2023 401 2101; x_wconf 89' lang='grc' dir='ltr'><strong><em>Ζ,</em></strong></span> <span class='ocrx_word' id='word_1_124' title='bbox 442 2016 479 2082; x_wconf 83' lang='grc' dir='ltr'><strong><em>ἐν</em></strong></span> <span class='ocrx_word' id='word_1_125' title='bbox 515 2018 621 2105; x_wconf 77' lang='grc' dir='ltr'><strong><em>τούτῳ</em></strong></span> <span class='ocrx_word' id='word_1_126' title='bbox 658 2016 713 2083; x_wconf 78' lang='grc' dir='ltr'><strong><em>καὶ</em></strong></span> <span class='ocrx_word' id='word_1_127' title='bbox 749 2019 790 2083; x_wconf 87' lang='grc' dir='ltr'><strong><em>τά</em></strong></span> <span class='ocrx_word' id='word_1_128' title='bbox 1097 2056 1145 2116; x_wconf 74' lang='grc' dir='ltr'><em>Π</em></span> 
     </span>
     <span class='ocr_line' id='line_1_18' title="bbox 136 2121 788 2208; baseline 0.002 -20"><span class='ocrx_word' id='word_1_129' title='bbox 136 2127 217 2207; x_wconf 89' lang='grc' dir='ltr'><strong><em>ΑΒ,</em></strong></span> <span class='ocrx_word' id='word_1_130' title='bbox 237 2126 310 2207; x_wconf 86' lang='grc' dir='ltr'><strong><em>ΓΔ,</em></strong></span> <span class='ocrx_word' id='word_1_131' title='bbox 329 2128 393 2189; x_wconf 98' lang='grc' dir='ltr'><strong><em>ΕΖ</em></strong></span> <span class='ocrx_word' id='word_1_132' title='bbox 416 2123 550 2207; x_wconf 90' lang='grc' dir='ltr'><strong><em>μεγέθη,</em></strong></span> <span class='ocrx_word' id='word_1_133' title='bbox 577 2125 615 2189; x_wconf 93' lang='grc' dir='ltr'><strong><em>τὸ</em></strong></span> <span class='ocrx_word' id='word_1_134' title='bbox 639 2121 699 2208; x_wconf 75' lang='grc' dir='ltr'><strong><em>μὲν</em></strong></span> <span class='ocrx_word' id='word_1_135' title='bbox 722 2129 788 2189; x_wconf 89' lang='grc' dir='ltr'><strong><em>ΑΒ</em></strong></span> 
     </span>
    </p>

    <p class='ocr_par' dir='ltr' id='par_1_5' title="bbox 135 2228 1153 2424">
     <span class='ocr_line' id='line_1_19' title="bbox 136 2228 1153 2317; baseline 0.005 -23"><span class='ocrx_word' id='word_1_136' title='bbox 136 2231 200 2315; x_wconf 89' lang='grc' dir='ltr'><strong><em>ἀρα</em></strong></span> <span class='ocrx_word' id='word_1_137' title='bbox 227 2239 287 2295; x_wconf 85' lang='grc' dir='ltr'><strong><em>τοῦ</em></strong></span> <span class='ocrx_word' id='word_1_138' title='bbox 315 2233 377 2295; x_wconf 86' lang='grc' dir='ltr'><strong><em>ΓΔ</em></strong></span> <span class='ocrx_word' id='word_1_139' title='bbox 408 2233 641 2317; x_wconf 85' lang='grc' dir='ltr'><strong><em>ταπεινότερον</em></strong></span> <span class='ocrx_word' id='word_1_140' title='bbox 668 2233 836 2316; x_wconf 87' lang='grc' dir='ltr'><strong><em>φαίνεται,</em></strong></span> <span class='ocrx_word' id='word_1_141' title='bbox 869 2233 906 2297; x_wconf 91' lang='grc' dir='ltr'><strong><em>τὸ</em></strong></span> <span class='ocrx_word' id='word_1_142' title='bbox 935 2228 971 2296; x_wconf 73' lang='grc' dir='ltr'><strong><em>δέ</em></strong></span> <span class='ocrx_word' id='word_1_143' title='bbox 1000 2235 1060 2297; x_wconf 87' lang='grc' dir='ltr'><strong><em>ΓΔ</em></strong></span> <span class='ocrx_word' id='word_1_144' title='bbox 1090 2243 1153 2299; x_wconf 84' lang='grc' dir='ltr'><strong><em>τοῦ</em></strong></span> 
     </span>
     <span class='ocr_line' id='line_1_20' title="bbox 135 2337 610 2424; baseline -0.004 -21"><span class='ocrx_word' id='word_1_145' title='bbox 135 2342 199 2403; x_wconf 90' lang='grc' dir='ltr'><strong><em>ΕΖ</em></strong></span> <span class='ocrx_word' id='word_1_146' title='bbox 225 2337 473 2424; x_wconf 87' lang='grc' dir='ltr'><strong><em>[ταπεινότερόν</em></strong></span> <span class='ocrx_word' id='word_1_147' title='bbox 496 2337 610 2422; x_wconf 84' lang='grc' dir='ltr'><strong><em>ε’στιν].</em></strong></span> 
     </span>
    </p>
   </div>
   <div class='ocr_carea' id='block_1_5' title="bbox 82 2540 1156 3368">
    <p class='ocr_par' dir='ltr' id='par_1_6' title="bbox 84 2540 668 2599">
     <span class='ocr_line' id='line_1_21' title="bbox 84 2540 668 2599; baseline 0.002 -19"><span class='ocrx_word' id='word_1_148' title='bbox 84 2549 119 2599; x_wconf 80' lang='lat'><strong><em>20</em></strong></span> <span class='ocrx_word' id='word_1_149' title='bbox 617 2540 668 2581; x_wconf 80' lang='grc' dir='ltr'><strong><em>ιε.</em></strong></span> 
     </span>
    </p>

    <p class='ocr_par' dir='ltr' id='par_1_7' title="bbox 135 2639 1155 2940">
     <span class='ocr_line' id='line_1_22' title="bbox 194 2639 1155 2728; baseline 0.001 -21"><span class='ocrx_word' id='word_1_150' title='bbox 194 2639 275 2707; x_wconf 80' lang='grc' dir='ltr'><strong><em>Ὅσα</em></strong></span> <span class='ocrx_word' id='word_1_151' title='bbox 298 2640 450 2725; x_wconf 81' lang='grc' dir='ltr'><strong><em>ἀλλήλων</em></strong></span> <span class='ocrx_word' id='word_1_152' title='bbox 472 2640 623 2726; x_wconf 84' lang='grc' dir='ltr'><strong><em>ὑπερέχει</em></strong></span> <span class='ocrx_word' id='word_1_153' title='bbox 646 2642 710 2707; x_wconf 88' lang='grc' dir='ltr'><strong><em>ὑπὸ</em></strong></span> <span class='ocrx_word' id='word_1_154' title='bbox 734 2643 771 2707; x_wconf 89' lang='grc' dir='ltr'><strong><em>τὸ</em></strong></span> <span class='ocrx_word' id='word_1_155' title='bbox 795 2642 876 2707; x_wconf 84' lang='grc' dir='ltr'><strong><em>αὐτὸ</em></strong></span> <span class='ocrx_word' id='word_1_156' title='bbox 900 2643 987 2726; x_wconf 93' lang='grc' dir='ltr'><strong><em>ὄμμα</em></strong></span> <span class='ocrx_word' id='word_1_157' title='bbox 1005 2645 1155 2728; x_wconf 86' lang='grc' dir='ltr'><strong><em>κείμενα,</em></strong></span> 
     </span>
     <span class='ocr_line' id='line_1_23' title="bbox 135 2744 1155 2836; baseline 0.003 -23"><span class='ocrx_word' id='word_1_158' title='bbox 135 2750 333 2833; x_wconf 85' lang='grc' dir='ltr'><strong><em>προσιόντος</em></strong></span> <span class='ocrx_word' id='word_1_159' title='bbox 359 2744 419 2833; x_wconf 73' lang='grc' dir='ltr'><strong><em>μὲν</em></strong></span> <span class='ocrx_word' id='word_1_160' title='bbox 447 2757 507 2812; x_wconf 89' lang='grc' dir='ltr'><strong><em>τοῦ</em></strong></span> <span class='ocrx_word' id='word_1_161' title='bbox 536 2751 680 2833; x_wconf 80' lang='grc' dir='ltr'><strong><em>ὄμματος</em></strong></span> <span class='ocrx_word' id='word_1_162' title='bbox 707 2751 831 2832; x_wconf 81' lang='grc' dir='ltr'><strong><em>μείζονι</em></strong></span> <span class='ocrx_word' id='word_1_163' title='bbox 856 2752 966 2832; x_wconf 81' lang='grc' dir='ltr'><strong><em>μεῖζον</em></strong></span> <span class='ocrx_word' id='word_1_164' title='bbox 988 2750 1025 2813; x_wconf 88' lang='grc' dir='ltr'><strong><em>τὸ</em></strong></span> <span class='ocrx_word' id='word_1_165' title='bbox 1048 2748 1155 2836; x_wconf 83' lang='grc' dir='ltr'><strong><em>ὑπερ-</em></strong></span> 
     </span>
     <span class='ocr_line' id='line_1_24' title="bbox 135 2851 953 2940; baseline 0 -20"><span class='ocrx_word' id='word_1_166' title='bbox 135 2859 340 2940; x_wconf 83' lang='grc' dir='ltr'><strong><em>φαινόμενον</em></strong></span> <span class='ocrx_word' id='word_1_167' title='bbox 362 2858 527 2939; x_wconf 83' lang='grc' dir='ltr'><strong><em>φαίνεται,</em></strong></span> <span class='ocrx_word' id='word_1_168' title='bbox 551 2855 706 2930; x_wconf 79' lang='grc' dir='ltr'><strong><em>ἀπιόντος</em></strong></span> <span class='ocrx_word' id='word_1_169' title='bbox 729 2851 766 2919; x_wconf 74' lang='grc' dir='ltr'><strong><em>δέ</em></strong></span> <span class='ocrx_word' id='word_1_170' title='bbox 790 2854 953 2920; x_wconf 81' lang='grc' dir='ltr'><strong><em>έλάσσονι.</em></strong></span> 
     </span>
    </p>

    <p class='ocr_par' dir='ltr' id='par_1_8' title="bbox 202 2959 1153 3046">
     <span class='ocr_line' id='line_1_25' title="bbox 202 2959 1153 3046; baseline 0.003 -19"><span class='ocrx_word' id='word_1_171' title='bbox 202 2965 284 3028; x_wconf 86' lang='grc' dir='ltr'><strong><em>έστω</em></strong></span> <span class='ocrx_word' id='word_1_172' title='bbox 304 2962 366 3026; x_wconf 77' lang='grc' dir='ltr'><strong><em>δύο</em></strong></span> <span class='ocrx_word' id='word_1_173' title='bbox 385 2963 484 3026; x_wconf 88' lang='grc' dir='ltr'><strong><em>ἀνισα</em></strong></span> <span class='ocrx_word' id='word_1_174' title='bbox 503 2960 627 3045; x_wconf 86' lang='grc' dir='ltr'><strong><em>μεγέθη</em></strong></span> <span class='ocrx_word' id='word_1_175' title='bbox 645 2962 686 3025; x_wconf 88' lang='grc' dir='ltr'><strong><em>τά</em></strong></span> <span class='ocrx_word' id='word_1_176' title='bbox 704 2965 780 3045; x_wconf 90' lang='grc' dir='ltr'><strong><em>ΑΒ,</em></strong></span> <span class='ocrx_word' id='word_1_177' title='bbox 796 2965 866 3045; x_wconf 90' lang='grc' dir='ltr'><strong><em>ΓΔ,</em></strong></span> <span class='ocrx_word' id='word_1_178' title='bbox 885 2965 995 3046; x_wconf 81' lang='grc' dir='ltr'><strong><em>μεῖζον</em></strong></span> <span class='ocrx_word' id='word_1_179' title='bbox 1014 2959 1051 3027; x_wconf 72' lang='grc' dir='ltr'><strong><em>ἀὲ</em></strong></span> <span class='ocrx_word' id='word_1_180' title='bbox 1065 2966 1153 3030; x_wconf 83' lang='grc' dir='ltr'><strong><em>ἔστω</em></strong></span> 
     </span>
    </p>

    <p class='ocr_par' dir='ltr' id='par_1_9' title="bbox 82 3064 1156 3368">
     <span class='ocr_line' id='line_1_26' title="bbox 82 3064 1156 3154; baseline 0.004 -22"><span class='ocrx_word' id='word_1_181' title='bbox 82 3082 117 3132; x_wconf 78' lang='lat'><strong><em>25</em></strong></span> <span class='ocrx_word' id='word_1_182' title='bbox 136 3070 173 3134; x_wconf 92' lang='grc' dir='ltr'><strong><em>τὸ</em></strong></span> <span class='ocrx_word' id='word_1_183' title='bbox 188 3074 264 3153; x_wconf 90' lang='grc' dir='ltr'><strong><em>ΑΒ,</em></strong></span> <span class='ocrx_word' id='word_1_184' title='bbox 288 3071 376 3153; x_wconf 90' lang='grc' dir='ltr'><strong><em>ὄμμα</em></strong></span> <span class='ocrx_word' id='word_1_185' title='bbox 395 3064 432 3133; x_wconf 75' lang='grc' dir='ltr'><strong><em>δὲ</em></strong></span> <span class='ocrx_word' id='word_1_186' title='bbox 450 3071 532 3134; x_wconf 82' lang='grc' dir='ltr'><strong><em>έστω</em></strong></span> <span class='ocrx_word' id='word_1_187' title='bbox 552 3070 589 3133; x_wconf 92' lang='grc' dir='ltr'><strong><em>τὸ</em></strong></span> <span class='ocrx_word' id='word_1_188' title='bbox 603 3073 643 3152; x_wconf 91' lang='grc' dir='ltr'><strong><em>Ε,</em></strong></span> <span class='ocrx_word' id='word_1_189' title='bbox 667 3066 726 3152; x_wconf 87' lang='grc' dir='ltr'><strong><em>ἀφ’</em></strong></span> <span class='ocrx_word' id='word_1_190' title='bbox 748 3065 790 3134; x_wconf 85' lang='grc' dir='ltr'><strong><em>οὗ</em></strong></span> <span class='ocrx_word' id='word_1_191' title='bbox 807 3067 1038 3154; x_wconf 85' lang='grc' dir='ltr'><strong><em>προσπιπτέτω</em></strong></span> <span class='ocrx_word' id='word_1_192' title='bbox 1057 3069 1156 3149; x_wconf 81' lang='grc' dir='ltr'><strong><em>ἀκτὶς</em></strong></span> 
     </span>
     <span class='ocr_line' id='line_1_27' title="bbox 135 3171 1156 3262; baseline 0.003 -23"><span class='ocrx_word' id='word_1_193' title='bbox 135 3175 191 3240; x_wconf 77' lang='grc' dir='ltr'><strong><em>διὰ</em></strong></span> <span class='ocrx_word' id='word_1_194' title='bbox 214 3184 274 3240; x_wconf 88' lang='grc' dir='ltr'><strong><em>τοῦ</em></strong></span> <span class='ocrx_word' id='word_1_195' title='bbox 294 3174 363 3258; x_wconf 78' lang='grc' dir='ltr'><strong><em>Γη</em></strong></span> <span class='ocrx_word' id='word_1_196' title='bbox 387 3181 460 3242; x_wconf 89' lang='grc' dir='ltr'><strong><em>ΕΖ.</em></strong></span> <span class='ocrx_word' id='word_1_197' title='bbox 498 3172 567 3240; x_wconf 80' lang='grc' dir='ltr'><strong><em>ἐπεὶ</em></strong></span> <span class='ocrx_word' id='word_1_198' title='bbox 590 3171 652 3241; x_wconf 86' lang='grc' dir='ltr'><strong><em>οὖν</em></strong></span> <span class='ocrx_word' id='word_1_199' title='bbox 674 3174 740 3241; x_wconf 86' lang='grc' dir='ltr'><strong><em>ὑπὸ</em></strong></span> <span class='ocrx_word' id='word_1_200' title='bbox 763 3185 823 3241; x_wconf 86' lang='grc' dir='ltr'><strong><em>τοῦ</em></strong></span> <span class='ocrx_word' id='word_1_201' title='bbox 847 3178 992 3260; x_wconf 86' lang='grc' dir='ltr'><strong><em>ὄμματος</em></strong></span> <span class='ocrx_word' id='word_1_202' title='bbox 1013 3175 1070 3241; x_wconf 78' lang='grc' dir='ltr'><strong><em>καὶ</em></strong></span> <span class='ocrx_word' id='word_1_203' title='bbox 1093 3187 1156 3262; x_wconf 75' lang='grc' dir='ltr'><strong><em>τῆς</em></strong></span> 
     </span>
     <span class='ocr_line' id='line_1_28' title="bbox 135 3281 1156 3368; baseline 0.005 -23"><span class='ocrx_word' id='word_1_204' title='bbox 135 3286 198 3345; x_wconf 93' lang='grc' dir='ltr'><strong><em>ΕΖ</em></strong></span> <span class='ocrx_word' id='word_1_205' title='bbox 217 3281 349 3358; x_wconf 80' lang='grc' dir='ltr'><strong><em>ἀκτῖνος</em></strong></span> <span class='ocrx_word' id='word_1_206' title='bbox 367 3284 407 3346; x_wconf 89' lang='grc' dir='ltr'><strong><em>τά</em></strong></span> <span class='ocrx_word' id='word_1_207' title='bbox 428 3286 500 3366; x_wconf 90' lang='grc' dir='ltr'><strong><em>ΖΒ,</em></strong></span> <span class='ocrx_word' id='word_1_208' title='bbox 520 3284 580 3346; x_wconf 85' lang='grc' dir='ltr'><strong><em>ΓΛ</em></strong></span> <span class='ocrx_word' id='word_1_209' title='bbox 599 3284 764 3367; x_wconf 85' lang='grc' dir='ltr'><strong><em>φαίνεται,</em></strong></span> <span class='ocrx_word' id='word_1_210' title='bbox 787 3283 824 3348; x_wconf 88' lang='grc' dir='ltr'><strong><em>τὸ</em></strong></span> <span class='ocrx_word' id='word_1_211' title='bbox 844 3287 908 3347; x_wconf 91' lang='lat' dir='ltr'><strong><em>AB</em></strong></span> <span class='ocrx_word' id='word_1_212' title='bbox 928 3285 993 3368; x_wconf 89' lang='grc' dir='ltr'><strong><em>ἀρα</em></strong></span> <span class='ocrx_word' id='word_1_213' title='bbox 1011 3292 1073 3348; x_wconf 85' lang='grc' dir='ltr'><strong><em>τοῦ</em></strong></span> <span class='ocrx_word' id='word_1_214' title='bbox 1090 3289 1156 3350; x_wconf 88' lang='grc' dir='ltr'><strong><em>ΓΔ</em></strong></span> 
     </span>
    </p>
   </div>
   <div class='ocr_carea' id='block_1_6' title="bbox 135 3466 1157 3623">
    <p class='ocr_par' dir='ltr' id='par_1_10' title="bbox 135 3466 1157 3623">
     <span class='ocr_line' id='line_1_29' title="bbox 208 3466 1157 3546; baseline 0.004 -19"><span class='ocrx_word' id='word_1_215' title='bbox 208 3480 230 3529; x_wconf 91' lang='grc'><strong><em>1.</em></strong></span> <span class='ocrx_word' id='word_1_216' title='bbox 256 3472 327 3545; x_wconf 81' lang='grc' dir='ltr'><strong><em>ἐστί]</em></strong></span> <span class='ocrx_word' id='word_1_217' title='bbox 348 3471 400 3527; x_wconf 81' lang='grc' dir='ltr'><strong><em>εἰσί</em></strong></span> <span class='ocrx_word' id='word_1_218' title='bbox 418 3492 454 3527; x_wconf 90' lang='lat' dir='ltr'><strong><em>m.</em></strong></span> <span class='ocrx_word' id='word_1_219' title='bbox 548 3475 658 3544; x_wconf 79' lang='lat' dir='ltr'>P(pr.)]</span> <span class='ocrx_word' id='word_1_220' title='bbox 683 3478 716 3528; x_wconf 94' lang='lat' dir='ltr'><strong><em>N</em></strong></span> <span class='ocrx_word' id='word_1_221' title='bbox 730 3493 755 3529; x_wconf 82' lang='lat' dir='ltr'><strong><em>v.</em></strong></span> <span class='ocrx_word' id='word_1_222' title='bbox 847 3466 880 3546; x_wconf 78' lang='grc' dir='ltr'><strong><em>ᾧ]</em></strong></span> <span class='ocrx_word' id='word_1_223' title='bbox 901 3471 943 3538; x_wconf 72' lang='grc' dir='ltr'><strong><em>οἷς</em></strong></span> <span class='ocrx_word' id='word_1_224' title='bbox 960 3494 1002 3545; x_wconf 81' lang='lat' dir='ltr'><strong><em>m,</em></strong></span> <span class='ocrx_word' id='word_1_225' title='bbox 1025 3492 1097 3532; x_wconf 78' lang='lat' dir='ltr'><strong>corr.</strong></span> <span class='ocrx_word' id='word_1_226' title='bbox 1118 3493 1157 3532; x_wconf 83' lang='lat' dir='ltr'><strong><em>ex</em></strong></span> 
     </span>
     <span class='ocr_line' id='line_1_30' title="bbox 135 3537 1156 3623; baseline 0.003 -22"><span class='ocrx_word' id='word_1_227' title='bbox 135 3537 207 3617; x_wconf 68' lang='lat' dir='ltr'><strong><em>55V.</em></strong></span> <span class='ocrx_word' id='word_1_228' title='bbox 297 3550 328 3615; x_wconf 87' lang='grc' dir='ltr'><strong><em>Γ,</em></strong></span> <span class='ocrx_word' id='word_1_229' title='bbox 348 3545 388 3615; x_wconf 83' lang='grc' dir='ltr'><strong><em>Ε]</em></strong></span> <span class='ocrx_word' id='word_1_230' title='bbox 408 3561 422 3598; x_wconf 86' lang='lat' dir='ltr'>e</span> <span class='ocrx_word' id='word_1_231' title='bbox 442 3561 510 3599; x_wconf 87' lang='lat' dir='ltr'>corr.</span> <span class='ocrx_word' id='word_1_232' title='bbox 529 3546 562 3600; x_wconf 82' lang='lat' dir='ltr'><strong><em>V.</em></strong></span> <span class='ocrx_word' id='word_1_233' title='bbox 653 3551 678 3600; x_wconf 76' lang='lat'><strong><em>2.</em></strong></span> <span class='ocrx_word' id='word_1_234' title='bbox 697 3546 806 3608; x_wconf 82' lang='grc' dir='ltr'><strong><em>τούτοις</em></strong></span> <span class='ocrx_word' id='word_1_235' title='bbox 824 3563 859 3599; x_wconf 90' lang='lat' dir='ltr'><strong><em>m.</em></strong></span> <span class='ocrx_word' id='word_1_236' title='bbox 951 3553 975 3602; x_wconf 80' lang='lat'><strong><em>3.</em></strong></span> <span class='ocrx_word' id='word_1_237' title='bbox 1002 3551 1051 3602; x_wconf 91' lang='grc' dir='ltr'><strong><em>ΓΔ</em></strong></span> <span class='ocrx_word' id='word_1_238' title='bbox 1066 3549 1156 3623; x_wconf 75' lang='lat' dir='ltr'>(alt.)]</span> 
     </span>
    </p>
   </div>
   <div class='ocr_carea' id='block_1_7' title="bbox 0 0 1218 3944">
    <p class='ocr_par' dir='ltr' id='par_1_11' title="bbox 0 0 1218 3944">
     <span class='ocr_line' id='line_1_31' title="bbox 0 0 1218 3944; baseline 0 0"><span class='ocrx_word' id='word_1_239' title='bbox 0 0 1218 3944; x_wconf 95' lang='lat' dir='ltr'><strong><em> </em></strong></span> 
     </span>
    </p>
   </div>
  </div>
 </body>
</html>
