2424 3944
131 174 273 229 XXXVIII
497 175 775 227 PROLEGOMENA.

130 316 256 385 positum
274 320 325 385 est,
343 331 402 368 rem
420 314 472 368 sub
491 313 620 382 quolibet
638 314 742 384 angulo
756 331 813 369 non
826 313 925 382 uideri,
945 313 999 367 erit
1013 312 1142 382 accipere

131 396 256 465 aliquem
274 395 417 466 angulum,
436 395 489 449 sub
507 411 563 463 quo
582 410 691 463 semper
707 411 765 448 non
783 395 896 449 uidetur
913 409 965 447 res.

202 477 240 530 sit
253 476 340 546 Igitur
354 474 473 545 angulus
487 477 551 530 abd
563 473 695 527 minimus
709 473 830 544 angulus
845 473 1047 528 determinatus
1057 473 1141 530 nisui.

131 557 278 626 elongetur
295 554 383 624 igitur
400 557 443 610 ad
464 554 555 624 magis
574 555 611 609 ab
631 554 713 609 oculo
732 558 762 609 et
778 572 823 624 ee,
846 571 902 622 que
920 553 1081 622 equedistet
1098 557 1143 610 ad

104 636 162 689 5in
179 634 266 704 priori
285 634 350 704 situ,
369 638 399 689 et
412 634 532 689 ducatur
549 636 583 691 be
600 637 642 691 tc.
671 634 739 703 quia
758 650 824 704 ergo
839 633 958 704 angulus
977 636 1031 690 ebe
1049 633 1143 689 minor

131 719 174 770 est
203 714 306 784 angulo
333 718 408 783 abd,
436 715 556 785 angulus
579 718 633 772 ebe
658 732 715 769 non
742 714 797 768 erit
823 713 1024 768 determinatus
1057 713 1142 770 uisui.

131 811 217 862 quare
236 811 293 848 non
311 793 437 848 incident
454 794 533 848 uisus
552 794 589 848 ad
606 812 646 850 cc.
677 811 764 863 quare
781 812 839 850 non
857 794 1000 849 uidebitur
1018 811 1059 864 cc,
1079 811 1144 848 cum

130 873 254 942 positum
273 873 358 926 sitin
376 879 401 928 4.
420 873 567 943 petitione,
585 891 619 928 ea
636 874 740 943 uideri,
760 875 797 928 ad
815 890 870 943 que
888 874 965 928 uisus
984 874 1094 944 incidit,
1114 878 1145 930 et

131 970 165 1008 ea
182 970 241 1008 non
258 953 357 1022 uideri,
377 953 414 1007 ad
432 971 487 1022 que
505 954 582 1008 uisus
600 972 657 1009 non
671 953 759 1009 uadit.
788 957 830 1010 da
848 954 936 1024 igitur
948 954 1037 1009 habet
1050 954 1143 1025 longi-

90 1037 116 1076 10
130 1032 259 1086 tudinem
282 1032 380 1103 spatii,
408 1051 464 1101 quo
488 1033 563 1088 facto
585 1034 643 1088 iam
663 1050 721 1088 non
738 1033 894 1101 uidebitur3
922 1035 999 1102 quod
1017 1037 1061 1088 est
1078 1051 1143 1104 pro·

129 1111 262 1182 potatum,
281 1116 310 1166 et
329 1113 582 1168 demonstrabimus
600 1131 651 1183 per
667 1113 720 1169 illa
819 1131 876 1183 qua
894 1120 919 1168 2.

200 1209 273 1261 quae
297 1196 463 1262 sequuntur,
488 1193 519 1247 in
540 1195 565 1247 Τ
583 1193 614 1246 in
631 1196 712 1248 textu
730 1196 796 1248 sunt
813 1196 879 1263 post
895 1193 1044 1264 proteum,
1070 1211 1144 1262 quae

129 1273 187 1327 fere
207 1290 270 1327 cum
288 1276 317 1329 D
335 1272 488 1328 consentit:

200 1380 278 1431 prop.
297 1369 327 1419 4:
357 1362 508 1432 Equalium
525 1362 682 1417 uisibilium
705 1379 788 1433 super
811 1379 896 1416 unam
918 1362 1024 1417 lineam
1042 1362 1144 1416 eodem

90 1442 115 1483 1⁵
128 1445 234 1511 puncto
244 1441 545 1512 coniunctorumquod
554 1443 688 1498 remotius
699 1443 848 1512 est‚minus
859 1459 993 1513 apparere
998 1445 1060 1513 (om.
1066 1442 1144 1512 DL).

199 1547 277 1600 prop.
298 1537 326 1586 5:
349 1531 532 1601 inequalium,
551 1532 627 1601 quod
646 1530 770 1602 propius,
788 1530 933 1585 uidebitur
951 1529 1057 1600 maius,
1077 1546 1143 1583 cum

129 1627 226 1664 uersus
246 1611 364 1666 eandem
382 1614 559 1666 remoueatur
576 1615 686 1682 partem
703 1609 873 1679 inequaliter
890 1611 947 1682 (L).

199 1717 278 1770 prop.
298 1705 327 1756 6:
355 1699 602 1768 Equedistantium
624 1699 763 1754 linearum
782 1698 873 1770 magis
891 1699 1032 1753 remotum
1049 1697 1144 1752 minus

130 1783 249 1850 apparet
266 1779 451 1835 interstitium
469 1781 523 1851 (L).

90 1863 115 1902 2⁰
200 1878 278 1929 prop.
295 1868 323 1916 τι
346 1859 497 1928 Equalium
515 1860 670 1930 spatiorum
684 1875 768 1930 super
781 1859 900 1913 eandem
914 1857 1007 1913 basim
1020 1855 1145 1913 existen-

129 1940 209 2009 tium,
228 1941 305 2008 quod
322 1940 506 2009 propinquius
526 1943 577 2010 est,
594 1939 686 1994 maius
704 1942 852 2010 reputatur
869 1942 930 2009 (om.
949 1939 1030 2008 DL).

200 2037 278 2089 prop.
295 2025 325 2075 9:
352 2019 497 2085 Quadrata
514 2037 565 2089 per
583 2018 749 2074 distautIam
763 2021 901 2090 apparent
913 2018 1037 2073 rotunda
1051 2018 1144 2089 (DL).

200 2117 278 2169 prop.
308 2105 354 2155 1οι
395 2100 493 2154 Partes
525 2099 670 2154 inferiores
702 2099 781 2169 plani
812 2098 976 2154 remotiores
1009 2097 1145 2152 uidentur

131 2179 246 2233 altiores
265 2181 324 2250 (D).
876 2187 881 2195 “

91 2258 117 2299 25
200 2276 278 2329 prop.
301 2266 346 2316 11:
379 2259 557 2330 Superiorum
579 2259 658 2329 plani
686 2259 842 2329 superiores
864 2261 960 2329 partes
988 2257 1146 2312 secundum

131 2339 224 2393 uisum
243 2340 384 2395 declinare
403 2341 492 2411 (DL).

201 2437 279 2490 prop.
295 2426 341 2474 12:
365 2420 418 2474 Per
431 2436 579 2489 recessum,
598 2437 653 2489 que
667 2420 766 2474 dextra
780 2421 853 2490 sunt,
873 2419 987 2474 sinistra
1001 2417 1145 2488 uidentur,

131 2515 185 2567 que
203 2515 271 2555 uero
291 2498 404 2553 sinistre
418 2503 492 2570 sunt,
512 2500 611 2555 dextra
627 2499 775 2555 uisualiter
789 2499 867 2554 adire
880 2515 931 2568 per
944 2500 1037 2554 totum
1051 2499 1144 2569 (DL).

200 2595 279 2648 prop.
296 2584 342 2635 13:
363 2579 515 2648 Equalium
529 2579 637 2649 equalis
652 2579 812 2635 altitudinis
827 2580 879 2634 sub
894 2579 975 2634 oculo
989 2577 1146 2634 iacentium

91 2660 117 2700 3⁰
130 2658 264 2712 remotius
282 2658 395 2713 uidetur
413 2659 499 2714 altius
518 2661 603 2731 (DL,
622 2678 672 2717 om.
690 2661 738 2729 Τ).

203 2878 226 2926 1.
250 2873 320 2943 rem]
339 2888 399 2926 rem
416 2889 474 2927 non
491 2873 529 2929 D.
611 2872 757 2944 quolibet]
777 2889 943 2941 quocunque
961 2873 1000 2927 D.
1073 2874 1145 2944 non]

131 2961 180 2998 om.
200 2944 238 2998 D.
329 2949 353 2997 3.
378 2960 433 3012 quo
453 2945 573 3015 semper]
596 2943 698 2998 minori
716 2944 794 3012 quod
812 2944 850 2998 D.
941 2941 1087 2997 uidebitur
1105 2945 1145 2998 D.

168 3021 192 3068 3
212 3014 310 3086 igitur]
330 3031 395 3084 ergo
415 3016 453 3070 D.
525 3015 743 3086 oed]ade1).
803 3013 935 3086 angulus]
954 3031 1004 3070 om.
1024 3014 1088 3095 D..
1119 3019 1145 3069 4.

132 3087 230 3158 rgrtur]
250 3102 316 3156 ergo
335 3087 373 3141 D.
451 3088 481 3140 et
498 3103 531 3141 ce
550 3118 582 3127 -
604 3087 649 3166 11]
667 3102 717 3141 om.
737 3086 768 3140 D
786 3093 854 3142 extr.
869 3104 935 3157 pap.
1019 3089 1061 3166 ¹.¹·
1080 3084 1145 3166 illa]

131 3173 183 3280 seq.
194 3174 286 3280 Ilm
306 3158 369 3212 dab.
392 3158 421 3211 Τ.
496 3162 536 3211 16.
557 3156 700 3225 equalium
718 3157 751 3211 L.
815 3155 1147 3280 P¹⁰Pi¹¹lePI⁰Pt¹i¹¹q¹¹1¹¹⁸

132 3242 209 3352 es20.
223 3230 677 3370 ¹spatlrlrullraltrellettplaetltlrl‘tilllraIllur
694 3229 744 3354 ll.
764 3228 1145 3370 appl'rllllluilffiuruffl]

168 3374 210 3422 25.
231 3369 416 3441 superiorum]
436 3369 586 3440 superioris
601 3370 671 3425 DL.
725 3373 820 3440 partes
836 3369 991 3440 superiores
1011 3370 1045 3424 L.
1101 3374 1145 3424 23.

131 3455 182 3508 per
199 3441 350 3511 recessum]
369 3457 529 3510 processum
546 3442 584 3496 D.
640 3443 717 3514 sunt]
736 3459 786 3498 om.
797 3443 834 3497 D.
889 3441 1032 3513 uidentur]
1047 3458 1098 3497 orn.
1110 3441 1146 3497 L.

169 3516 210 3565 28.
231 3512 309 3582 uero]
328 3528 378 3566 om.
394 3513 427 3566 L.
492 3514 569 3585 sunt]
588 3529 638 3568 om.
658 3513 696 3568 D.
754 3529 805 3582 per
822 3514 925 3584 totum]
944 3515 1056 3583 partem
1074 3513 1146 3568 DL.

72 3684 103 3720 h
