2424 3944
132 139 197 206 158
342 143 556 196 OPTICORUM
574 143 753 194 RECENSIO
771 141 939 194 THEONIS.

196 288 278 351 ἔστω
311 288 374 372 γάρ
403 288 490 371 ὄμμα
518 282 579 369 μὲν
606 287 643 351 τὸ
673 289 716 369 Β,
748 285 918 371 δρώμενον
946 282 984 350 δὲ
1010 286 1048 350 τὸ
1078 289 1147 350 ΓΔ.

130 391 215 477 φημὶ
242 394 299 477 δή,
332 394 383 458 ὅτι
411 395 447 457 τὸ
476 396 537 457 ΓΛ
569 395 606 456 ἔν
632 416 700 457 τινι
735 392 938 477 άποστήματι
966 395 1147 478 γενόμενον

129 498 239 565 οὐκέτι
270 499 479 586 δραθήσεται.
538 500 729 581 γεγενήσθω
762 499 825 584 γάρ

128 607 165 670 τὸ
186 610 247 671 ΓΔ
270 606 305 671 ἐν
328 615 374 692 τῷ
396 604 516 690 μεταξὺ
540 607 735 689 διαστήματι
758 616 827 670 τῶν
976 578 1022 640 K

93 714 252 795 σόήεων,
285 710 339 796 ἐφ’
365 708 405 777 οὗ
433 713 470 777 τὸ
498 715 538 776 Κ.
591 712 716 777 οὐκοῦν
743 713 826 798 πρὸς
901 717 912 783 Χ
1098 715 1108 782 ί

127 821 164 883 τὸ
188 822 224 882 K
244 818 382 903 οὐδεμία
404 829 472 883 τῶν
495 818 559 884 άπὸ
583 827 642 884 τοῦ
663 824 692 883 Β
716 820 825 896 ὄψεων
881 851 920 912 Γ
1081 857 1112 912 A

126 936 358 1010 προσπεσεῖται
387 925 484 1012 [πρὸς
507 925 525 990 ὃ
549 923 589 989 δέ
609 949 646 1008 γε
674 926 711 989 αι’
732 927 825 1001 ὄψεις

127 1032 168 1096 οὐ
186 1035 462 1118 προσπίπτουσιν,
483 1032 588 1097 ἐκεῖνο
608 1033 668 1117 οὐχ
683 1032 824 1119 δρᾶται]

126 1137 265 1203 ἕκαστον
279 1140 344 1224 άρα
359 1150 427 1204 τῶν
441 1137 619 1225 ὁρωμένων
635 1143 699 1223 ἔχει
716 1163 748 1203 τι
764 1149 824 1223 μή·

74 1257 108 1307 10
126 1268 184 1322 κος
202 1245 439 1330 ἀποστήματος,
458 1241 499 1311 οὗ
518 1249 697 1330 γενόμενον
715 1244 824 1310 οὐκέτι
980 1263 1015 1322 B

127 1350 251 1436 δρᾶται.

613 1474 656 1540 δ’.

198 1604 272 1664 Τῶν
309 1606 391 1666 ἴσων
428 1600 659 1685 διαστημάτων
696 1597 750 1665 ἐπὶ
783 1609 841 1683 τής
874 1599 975 1682 αὐτῆς
1008 1594 1139 1670 εὐθείας

126 1708 233 1771 ὄντων
261 1707 301 1771 τδι
328 1706 363 1772 ἐν
395 1711 548 1784 πλείονος
580 1707 809 1791 ἀποστήματος
834 1706 984 1792 ὁρώμενα
1019 1704 1138 1770 ἐλάττω

74 1829 108 1878 15
128 1817 290 1897 φαίνεται.

192 1923 274 1985 ἔστω
303 1921 365 2005 γάρ
395 1926 449 1984 ίσα
476 1921 516 1984 τά
544 1924 616 2003 ΒΓ,
641 1924 718 2003 ΓΛ,
742 1924 824 2003 ΔΖ,
852 1921 939 2003 ὄμμα
967 1915 1004 1982 δὲ
1033 1919 1071 1983 τὸ
1100 1921 1137 2000 Κ,

125 2025 186 2110 ἀφ’
206 2022 248 2092 οὗ
269 2025 563 2113 προσπιπτέτωσαν
586 2029 679 2105 ὄψεις
702 2028 739 2091 αι’
759 2029 836 2110 ΚΒ,
855 2029 930 2109 ΚΓ,
953 2028 1033 2109 ΚΛ,
1058 2029 1135 2089 ΚΖ·

124 2129 201 2215 ήδδ
219 2136 285 2197 ΚΒ
308 2134 391 2218 πρὸς
414 2132 520 2220 ὀρθάς
541 2136 623 2198 ἔστω
642 2143 682 2219 τή
701 2138 774 2198 ΒΖ.
811 2131 882 2198 ἐπεὶ
901 2128 962 2198 οὖν
981 2131 1019 2197 ἐν
1038 2133 1137 2218 ὀρθο-

125 2243 235 2327 γωνίῳ
258 2241 408 2328 τριγώνῳ
432 2250 477 2328 τῷ
497 2244 597 2305 KBZ
622 2246 690 2305 ίσαι
714 2238 798 2305 εἰσὶν
821 2241 858 2304 αι’
878 2243 951 2324 ΒΓ,
971 2243 1042 2324 ΓΛ,
1062 2244 1136 2322 ΔΖ,

71 2360 106 2410 20
125 2349 243 2430 μείζων
267 2345 356 2412 ἐστὶν
379 2346 399 2430 ἡ
423 2344 484 2432 μὲν
507 2353 539 2412 Ε
562 2350 668 2430 γωνία
690 2357 748 2432 τής
770 2351 810 2411 Η
832 2349 970 2430 γωνίας,
999 2345 1019 2429 ή
1044 2343 1082 2411 δὲ
1105 2349 1140 2410 Η

124 2457 229 2535 γωνία
252 2463 310 2538 τής
331 2459 359 2518 Θ
381 2457 513 2537 γωνίας.
550 2457 660 2538 μεῖζον
684 2455 747 2539 άρα
767 2457 919 2538 φαίνεται
939 2454 976 2518 τὸ
996 2449 1058 2538 μὲν
1077 2454 1140 2517 ΒΓ

123 2569 184 2625 τοῦ
208 2564 278 2645 ΓΛ,
302 2563 338 2626 τὸ
362 2559 399 2626 δὲ
423 2565 485 2626 ΓΔ
508 2570 567 2625 τοῦ
589 2565 666 2625 ΔΖ.

630 2790 640 2814 Ι

610 2815 627 2857 ε
641 2840 650 2856 .

195 2900 241 2963 Τά
266 2905 320 2964 ίσα
342 2897 467 2984 μεγέθη
490 2901 609 2965 άνισον
632 2899 825 2981 διεστηκότα
849 2900 948 2963 άνισα
972 2901 1134 2982 φαίνεται,

71 3019 104 3068 25
123 3004 177 3072 καὶ
200 3009 311 3091 μεῖζον
333 3005 398 3072 αἰεὶ
421 3009 458 3072 τὸ
482 3009 594 3090 ἔγγιον
616 3014 677 3070 τοῦ
701 3007 845 3089 ὄμματος
867 3008 1028 3089 κείμενον.

195 3296 218 3344 1.
240 3294 289 3344 ΓΔ
307 3321 342 3330 -
361 3293 385 3342 2.
404 3287 448 3359 τό]
468 3287 533 3342 αδδ.
552 3306 588 3341 m.
608 3293 624 3341 2
643 3305 668 3342 v.
731 3293 755 3341 2.
776 3286 848 3356 φημὶ
867 3285 915 3358 δή]
934 3283 1003 3356 λέγω
1022 3305 1048 3341 v.
1110 3292 1130 3341 7.

121 3362 279 3429 πρός-8.
300 3359 410 3430 δρᾶται]
431 3376 483 3414 om.
503 3378 530 3428 p.
590 3363 615 3413 8.
635 3355 732 3413 ἐκείνω
750 3377 776 3427 v,
796 3357 846 3411 sed
865 3374 932 3412 corn
993 3364 1034 3412 10.
1055 3377 1131 3428 γενο-

123 3430 207 3501 μέναν
226 3450 252 3501 V,
273 3435 301 3486 et
319 3432 353 3500 V,
373 3431 422 3485 sed
441 3447 509 3484 corr.
529 3448 565 3484 m.
584 3446 637 3484 ree.
717 3436 758 3484 13.
778 3427 984 3500 διαστημάτων]
1004 3433 1131 3499 μεγεθῶν

122 3521 158 3558 ω.
177 3520 230 3556 rec.
250 3503 283 3557 V.
350 3508 391 3557 16.
410 3502 479 3556 Post
498 3500 544 3556 ίσα
563 3501 627 3556 add.
647 3498 753 3572 μεγέθη
772 3518 808 3555 m.
828 3516 881 3554 rec.
901 3500 934 3555 V.
1005 3506 1047 3555 22.
1066 3501 1131 3556 Post
