2424 3944
164 161 231 226 240
373 164 587 217 omcomm
604 161 784 215 ετοεαειο
800 160 971 215 motus.

639 340 705 425 νβ’.

237 469 303 531 Τοῦ
322 468 466 551 ὄμματος
484 469 596 549 ἔγγιον
613 474 673 530 τοῦ
692 463 863 551 ὁρωμένου
876 468 1080 553 προσιόντος
1094 466 1176 546 δόξει

165 573 203 636 τὸ
226 570 396 656 ὁρώμενον
418 570 593 656 ηὐξῆσθαι.

234 679 371 764 όροίσθω
386 679 448 764 γὰρ
463 680 501 743 τὸ
514 683 581 743 ΒΓ
593 687 654 743 τοῦ
672 679 817 761 ὄμματος
834 675 888 743 ἐπὶ
904 688 967 744 τοῦ
980 683 1011 745 Ζ
1029 679 1176 765 κειμένου

130 787 230 851 οὑπὸ
262 796 330 849 τῶν
363 789 440 868 ΖΒ,
470 789 536 850 ΖΓ
563 784 716 868 ἀκτίνων,

164 889 219 955 καὶ
233 894 437 974 μετακείσθω
452 892 488 955 τὸ
502 889 591 974 ὄμμα
605 894 717 973 ἔγγιον
763 873 801 940 B

165 1006 225 1061 τοῦ
244 1000 311 1061 ΒΓ
329 994 383 1060 καὶ
407 999 489 1062 ἔστω
513 995 566 1062 ἐπὶ
591 1007 651 1062 τοῦ
673 1003 716 1081 Λ,

164 1102 219 1168 καὶ
242 1103 378 1188 δράσθω
401 1104 438 1168 τὸ
462 1104 542 1168 αὐτὸ
564 1103 630 1168 ὑπὸ
649 1116 716 1168 τῶν

164 1215 198 1273 Δ
204 1214 248 1293 Β,
279 1214 354 1275 ΛΓ
384 1209 537 1274 ἀκτίνων.
592 1211 716 1275 οὐκοῦν

113 1328 146 1377 10
164 1320 283 1400 μείζων
303 1316 323 1399 ἡ
342 1322 375 1380 Δ
397 1321 502 1399 γωνία
525 1326 583 1400 τῆς
602 1321 629 1380 Ζ
653 1341 716 1399 γω-

164 1427 247 1500 νίας.
281 1425 322 1488 τὰ
340 1419 377 1488 δὲ
397 1422 462 1488 ὑπὸ
481 1425 639 1507 μειζόνων
653 1446 716 1505 γω-

164 1541 248 1594 νιῶν
276 1530 426 1615 ὁρώμενα
452 1533 584 1614 μείζονα
612 1533 779 1614 φαίνεται·
810 1527 898 1607 δόξει
925 1531 989 1616 ὄρα
1012 1529 1171 1616 ηὐξῆσθαι

165 1638 202 1702 τὸ
222 1641 289 1702 ΒΓ
306 1645 366 1701 τοῦ
390 1639 533 1720 ὄμματος
552 1632 605 1700 ἐπὶ
624 1644 684 1700 τοῦ
703 1642 736 1700 Λ
759 1637 856 1712 ὄντος
878 1636 960 1722 ἤπερ
984 1635 1040 1702 ἐπὶ
1062 1647 1122 1703 τοῦ
1140 1641 1170 1701 Ζ.

637 1846 702 1930 νγ’.
781 1812 788 1825 ·

113 1984 146 2033 15
237 1976 311 2036 Τῶν
339 1977 399 2059 ίσφ
428 1971 518 2056 τάχει
545 1970 739 2058 φερομένων
766 1973 807 2037 τὰ
833 1975 947 2059 πόρρω
976 1974 1073 2039 δοκεῖ
1098 1977 1167 2059 βρα-

165 2080 306 2163 δύτερον
328 2076 501 2163 φέρεσθαι.

232 2182 387 2269 φερέσθω
411 2185 473 2269 γὰρ
494 2186 653 2268 ἰσοταχῶς
671 2185 712 2248 τὰ
731 2189 770 2267 B,
784 2187 819 2248 K
839 2184 885 2262 ὡς
903 2182 957 2250 ἐπὶ
974 2186 1017 2250 τὰ
1037 2191 1064 2251 Ζ
1086 2185 1166 2272 μέρη,

165 2287 220 2355 καὶ
243 2290 307 2355 ἀπὸ
331 2299 391 2355 τοῦ
406 2297 438 2354 Α
462 2293 605 2376 ὄμματος
624 2290 753 2367 ἀκτῖνες
775 2293 934 2375 ἤχθωσαν
953 2293 991 2357 αί
1007 2297 1084 2377 ΑΓ,
1102 2296 1166 2373 ΑΔ,

165 2404 197 2461 A
204 2402 240 2462 Z.
286 2397 411 2462 οὐκοῦν
443 2399 480 2463 τὸ
506 2401 541 2462 Κ
570 2397 750 2474 ἐλάσσονας
778 2400 843 2482 ἔχει
875 2399 933 2474 τὰς
961 2398 1027 2464 ἀπὸ
1058 2401 1167 2464 τοῦΑ

112 2516 146 2564 20
165 2505 308 2587 ὄμματος
339 2503 473 2580 ἀκτῖνας
505 2502 649 2588 ἠγμένας
679 2505 761 2590 ἥπερ
793 2505 831 2569 τὸ
862 2509 906 2569 Β·
944 2507 1081 2571 ἔλαττον
1111 2507 1165 2591 ἄρα

165 2609 327 2694 διάστημα
355 2612 557 2677 διελεύσεται
583 2609 639 2674 καὶ
665 2613 828 2697 πρότερον
855 2612 1091 2698 παραλλάσσον
1112 2612 1164 2695 τὴν

164 2723 197 2780 Α
203 2721 230 2780 Ζ
254 2718 334 2794 ὄψιν
356 2717 444 2795 δόξει
467 2718 647 2803 ταχύτερον
669 2715 841 2804 φέρεσθαι.

638 2928 704 2995 νδ’.

235 3056 302 3116 Τοῦ
331 3055 474 3137 ὄμματος
496 3052 772 3140 παραφερομένου
800 3055 841 3119 τὰ
862 3057 977 3141 πόρρω
1000 3066 1068 3121 τῶν
1090 3054 1160 3139 ὁρω·

111 3171 144 3219 25
163 3157 272 3243 μένων
294 3163 549 3225 καταλείπεσθαι
570 3158 666 3237 δόξει.
1205 3154 1207 3193 ³

236 3376 259 3423 1.
280 3370 340 3441 νβ’]
360 3370 386 3435 ξ’
401 3389 433 3440 p;
452 3370 505 3426 νθ’
520 3370 554 3439 V,
573 3388 609 3425 m.
630 3376 644 3424 1
664 3389 695 3438 v;
717 3371 763 3429 νς’
778 3389 814 3424 m.
834 3377 850 3425 2
868 3389 894 3426 v.
969 3378 993 3427 2.
1015 3371 1116 3444 ἔγγειον
1131 3367 1156 3421 V-

200 3447 224 3494 3.
243 3441 392 3509 ηόξεῖοθαι
410 3443 443 3512 V,
468 3442 517 3495 sed
536 3458 604 3496 corr.
687 3448 710 3496 6.
737 3441 843 3512 ἔγγειον
861 3443 894 3498 V.
977 3449 1000 3498 9.
1026 3445 1098 3498 Anto
1112 3439 1159 3495 ΔΓ

164 3527 217 3563 ras.
237 3517 252 3562 2
272 3511 327 3565 litt.
347 3530 371 3566 v.
464 3517 505 3567 10.
525 3515 618 3581 μεῖζον
636 3531 662 3567 v.
755 3519 795 3568 11.
820 3515 959 3583 μειζόνων
976 3515 1011 3584 V,
1036 3515 1084 3570 sed
1099 3526 1154 3567 corr·

67 3618 153 3716 Η
