2424 3944
138 178 183 244 50
480 178 650 230 EUOLIDIS
669 176 808 229 ΟΡΤῙΟΔ.

205 332 304 389 τοῦτο
328 319 365 387 δὲ
387 323 423 386 τὸ
447 321 605 406 θεώρημα
628 318 743 403 γέγονε
765 321 849 406 πρὸς
870 321 950 396 τοὺς
966 321 1098 398 κώνους
1117 344 1152 386 τε

138 429 195 496 καὶ
218 432 296 507 τοὺς
318 428 527 512 κυλίνδρους.
564 428 623 492 έδιν
645 428 708 511 νδιρ
728 425 791 492 ἀπὸ
810 438 878 492 τῶν
895 431 935 510 B,
954 432 986 491 E
1007 431 1153 513 σημείων

141 537 271 622 ἀχθῶσι
298 536 381 621 πρὸς
408 534 513 621 ὀρθὰς
541 536 579 599 αλ
603 533 743 620 πλευραὶ
770 546 837 600 τῶν
860 535 1067 621 κυλίνδρων,
1095 535 1151 620 ἐφ-

140 645 281 722 ἀψονται
309 642 434 725 αύτῶν,
466 639 545 706 καθ’
571 640 588 705 δ
616 639 714 725 μέρος
742 639 797 705 καὶ
830 642 867 704 αί
892 639 1021 717 ἀκτῖνες
1048 659 1151 728 προσ-

104 753 311 831 επίπτουσι,
347 745 402 812 καὶ
436 747 730 830 ἀποκλεισδήσεται
762 748 799 811 τὸ
831 751 935 812 ΒΔΕ
964 745 1065 832 μέρος
1094 757 1152 832 τῆς

138 858 256 939 όύεως,
278 855 530 940 θεωρηθύσεται
550 850 587 917 δέ
605 855 642 918 τὸ
661 858 727 917 ΒΕ
747 852 846 938 μέρος
867 862 926 918 τοῦ
944 853 1151 938 ἡμικυκλίου.

138 963 176 1027 τὸ
200 962 280 1026 αὐτὸ
309 963 373 1047 ἀρα
396 959 494 1046 μέρος
520 957 576 1024 καὶ
603 971 670 1024 τῶν
693 961 810 1025 κόνων
838 963 1091 1047 θεωρηθήσεται
1114 962 1150 1026 τὸ

138 1071 283 1135 έλαττον.

609 1277 678 1344 κδ’.

85 1445 121 1494 10
210 1425 278 1486 Τοῦ
301 1423 445 1506 ὄμματος
466 1420 621 1498 τεθέντος
644 1424 756 1504 ἔγγιον
778 1429 838 1486 τοῦ
856 1422 1041 1509 κυλίνδρου
1060 1425 1150 1487 ἔλατ-

96 1512 101 1522 ’
138 1552 198 1594 τον
224 1526 285 1612 μέν
313 1527 382 1593 έστι
408 1530 445 1592 τὸ
472 1531 800 1614 περιλαμβανόμενον
826 1527 891 1593 ὑπὸ
915 1540 982 1593 τῶν
1006 1529 1151 1594 ἀκτίνων

138 1644 199 1700 τοῦ
222 1635 414 1719 κυλίνδρου,
438 1632 525 1712 δόξει
549 1631 586 1699 δὲ
609 1638 719 1719 μεῖζον
741 1635 896 1719 δρᾶσθαι.

206 1744 288 1806 ἔστω
312 1741 503 1827 κύλινδρος,
529 1737 570 1806 οὗ
592 1741 688 1824 βάσις
709 1737 771 1825 μέν
793 1741 811 1806 ὁ
834 1745 903 1808 ΒΓ
919 1743 1055 1827 κύκλος,
1078 1741 1150 1808 κέν-

138 1872 219 1934 τρον
247 1845 284 1913 δὲ
306 1850 343 1912 τὸ
367 1851 412 1931 Α,
441 1850 528 1932 ὄμμα
551 1844 588 1911 δὲ
610 1849 647 1912 τὸ
671 1852 714 1931 Ε,
743 1846 801 1932 ἀφ’
823 1845 863 1914 οὗ
887 1848 1071 1933 ἐπεζεύχθω
1097 1849 1149 1915 ἐπὶ

30 2024 39 2057 ›
86 1975 120 2024 15
138 1955 176 2019 τὸ
208 1951 346 2039 κέντρον
377 1951 398 2035 ἡ
429 1957 511 2037 ΕΑ,
543 1951 598 2018 καὶ
629 1952 922 2040 προσπιπτέτωσαν
954 1954 1085 2032 ἀκτῖνες
1117 1957 1154 2021 αί

139 2064 213 2142 ΕΒ,
231 2062 303 2142 ΕΓ,
326 2057 382 2123 καὶ
405 2057 606 2142 ἀνήχθωσαν
630 2060 693 2124 ἀπὸ
712 2070 779 2124 τῶν
796 2065 836 2144 B,
855 2064 888 2127 Γ
906 2065 1051 2146 σημείων
1068 2065 1153 2150 πρὸς

139 2164 246 2250 όρθδις
268 2174 313 2253 τῷ
336 2165 503 2253 κυλίνδρῳ
527 2167 565 2230 αί
587 2169 657 2250 ΓΖ,
675 2170 754 2231 BH.
800 2168 856 2231 διδι
879 2168 921 2251 δὴ
944 2170 984 2233 τὰ
1006 2173 1151 2258 πρότερα

138 2273 176 2336 τὸ
195 2275 264 2335 HB
271 2275 332 2336 ΓΖ
355 2273 491 2336 ἔλαττόν
514 2271 604 2336 έστιν
626 2272 894 2357 ἡμικυλινδρίου·
919 2273 974 2339 καὶ
996 2275 1151 2361 βλέπεται

137 2377 204 2443 ὑπὸ
218 2387 278 2443 τοῦ
287 2384 320 2443 Ε
336 2381 487 2463 ὄμματος.
511 2382 715 2463 μετακείσθω
729 2380 771 2463 δὴ
786 2382 822 2444 τὸ
837 2383 925 2465 όμμα
939 2385 1052 2465 ένγιον
1062 2385 1102 2450 τὸ
1114 2389 1151 2449 Θ.

87 2509 122 2559 20
141 2483 240 2569 λέγω,
272 2486 322 2551 ότι
350 2486 387 2550 τὸ
419 2488 746 2571 περιλαμβανόμενον
772 2487 837 2552 ύπὸ
865 2497 925 2552 τοῦ
951 2493 980 2553 Θ
1007 2491 1153 2574 ὄμματος

139 2594 233 2657 δοκεῖ
253 2601 313 2657 τοῦ
333 2596 473 2657 ΖΓΒΗ
490 2595 600 2677 μεῖζον
623 2595 805 2677 φαίνεσθαι
824 2597 959 2660 ἔλαττον
978 2596 1084 2662 αὐτοῦ
1104 2600 1151 2663 όν.

137 2790 350 2798 -------ι

210 2952 235 3001 4
258 2961 295 3013 πρ
298 2940 463 2999 οσπίπτουσῑ
479 2962 520 3013 m,
548 2962 691 3013 προσπιπτ
717 2946 775 3016 Bv,
803 2948 836 2999 ut
854 2962 945 3015 saepe.
1038 2946 1150 3021 λιταί]

138 3019 238 3085 postea
257 3015 321 3070 add.
341 3015 374 3082 V,
399 3031 451 3070 om.
471 3015 529 3084 Bv,
553 3034 589 3071 m
610 3017 709 3074 2Vat
788 3027 845 3072 τῶν
863 3019 973 3090 κόνων]
992 2992 1149 3090 VBVatqv

137 3096 194 3142 τῶν
212 3089 311 3142 κώνων
329 3087 451 3141 καὶτῶν
470 3058 624 3155 κυλίνδρων
643 3089 708 3146 Vat
714 3090 765 3158 ¹m‚
787 3098 836 3143 τοῦ
855 3086 1006 3157 κυλίνδρου
1024 3108 1061 3144 m.
1083 3097 1098 3146 2
1117 3092 1150 3162 V,

138 3155 295 3226 κυλίνδρων
323 3174 407 3226 supra
435 3174 486 3211 scr.
513 3157 577 3212 Vah.
606 3176 643 3214 m.
670 3169 694 3217 2
795 3166 819 3215 8
848 3160 916 3214 Post
942 3160 1055 3216 ἔλαττον
1085 3163 1150 3217 εδδ

139 3228 315 3299 .ω.ἑξῆςλῖ
407 3234 431 3282 9.
455 3228 638 3353 ml
556 3229 638 3299 y‚V
666 3234 713 3287 λα’
732 3232 828 3287 vam
920 3238 961 3286 10
984 3233 1054 3286 Ροολ
1072 3233 1150 3302 prius

138 3308 187 3354 του
206 3317 260 3354 τεο.
282 3299 371 3353 1litt.
393 3299 426 3353 V
518 3320 533 3369 ρ

174 3375 216 3424 14.
236 3370 449 3442 ἐπεζεύχθωσαν
468 3389 493 3425 v
568 3377 609 3426 16.
629 3373 685 3444 ἀνή
702 3380 747 3431 σω
765 3375 830 3428 Vat
837 3390 958 3444 ‚co.mp
977 3375 1008 3430 B.
1082 3376 1149 3447 τῶν]

137 3457 206 3496 corr.
218 3392 386 3496 exv04Vat
413 3439 552 3511 σημειου
561 3443 625 3498 Vat
629 3397 701 3513 εεό
705 3463 774 3502 corr
827 3451 868 3501 17
883 3447 1036 3532 πρότεβω,
1050 3446 1151 3516 πρότε-

38 3532 41 3538 ’
137 3529 296 3599 ρονΒΕελ.
380 3535 421 3583 19.
441 3529 692 3603 τό(ει11.)]τούτω
776 3540 818 3589 21.
840 3535 969 3606 ΖΓΒΗ]
990 3538 1110 3590 ΓΖΒΗ
1124 3552 1149 3590 v.

535 3301 609 3372 γιον]
628 3318 696 3359 corr
717 3321 751 3358 ex
771 3303 878 3373 ἔγγειον
896 3303 930 3372 V,
949 3303 1019 3357 item
1037 3302 1087 3360 lin
1109 3310 1148 3358 19.
