2424 3944
139 138 184 204 40
481 145 651 197 EUGLIDIS
671 146 809 198 0ch.

140 285 161 369 ἡ
180 291 254 371 ΕΖ,
277 285 332 352 καλ
356 287 566 372 ἐκβεβλήσθω
586 291 623 355 τὸ
643 290 699 354 διά
717 300 785 354 τῶν
803 292 878 373 ΕΖ,
896 292 962 353 ΑΒ
986 286 1153 351 ἐπίπεδον.

140 396 270 476 ποιήσει
294 391 356 460 οὖν
378 395 482 478 τομὴν
504 396 636 460 κύκλον.
683 398 764 460 έστω
789 395 807 460 ὁ
831 397 977 478 ΓΕΖΔ,
1004 390 1060 457 καὶ
1084 391 1154 457 ε’πε-

142 502 333 585 ζεύχθωσαν
356 500 393 564 αἱ
415 503 484 585 ΓΑ,
503 507 579 585 ΑΛ,
597 506 675 584 ΛΒ,
693 505 766 584 ΒΓ,
786 505 856 566 ΓΛ.
893 502 949 565 διὰ
973 501 1014 585 δὴ
1033 501 1071 564 τὸ
1089 500 1154 583 πρὸ

142 607 247 671 αὐτοῦ
274 604 376 690 ὀρθαλ
400 603 489 691 [μὲν]
518 610 556 672 αί
575 609 659 695 πρὸς
680 620 751 684 τοῖς
775 612 816 693 Γ,
838 615 871 673 Λ
895 610 1050 692 σημείοις.
1097 605 1155 690 ε’φ-

105 725 122 772 5
143 713 301 777 άπτονται
329 714 392 798 άρα
420 714 458 778 αί
477 717 550 797 ΒΓ,
573 718 651 798 ΒΛ,
678 713 802 792 αἵτινές
824 717 909 780 εἰσιν
932 713 1078 796 ἀκτῖνες,
1099 710 1156 776 καὶ

142 818 295 903 βλέπεται
313 820 378 885 ὑπὸ
397 830 457 885 τοῦ
471 825 500 884 Β
520 824 664 906 ὄμματος
681 824 718 887 τὸ
734 825 795 886 ΓΛ
813 820 911 909 μέρος
928 830 987 904 τῆς
1001 824 1156 907 σφαίρας.

142 929 410 1011 μετακεκινήσθω
439 929 480 1011 δὴ
512 930 549 993 τὸ
577 930 666 1013 ύμμα
693 931 805 1011 ἔγγιον
839 937 896 1012 τῆς
924 931 1070 1013 σφαίρας
1100 924 1156 991 καλ

143 1035 224 1097 ἔστω
244 1034 281 1097 τὸ
303 1038 340 1117 Θ,
365 1032 423 1118 ἀφ’
441 1030 481 1099 οὗ
500 1034 683 1119 ἐπεζεύχθω
703 1035 819 1101 εὐθεῖα
837 1034 857 1117 ἡ
879 1039 950 1117 ΘΑ,
974 1031 1030 1098 καλ
1051 1032 1156 1119 [περι]

143 1139 325 1226 γεγράφθω
348 1140 469 1216 κύκλος
491 1140 509 1205 ὁ
532 1144 648 1226 ΑΛΚ,
670 1140 726 1206 καὶ
749 1141 997 1225 ἐπεζεύχθωσαν
1020 1141 1058 1204 αί
1081 1143 1158 1223 ΘΚ,

89 1259 124 1308 10
143 1250 218 1330 ΚΑ,
237 1250 312 1328 ΑΛ,
331 1249 362 1309 Λ
369 1250 398 1311 Θ
420 1247 558 1312 εὐθεῖαι.
595 1247 717 1332 ὁμοίως
735 1248 775 1331 δὴ
794 1247 860 1312 ὑπὸ
878 1255 938 1311 τοῦ
960 1250 989 1311 Θ
1012 1249 1159 1331 ὄμματος

142 1351 295 1436 βλέπεται
317 1350 378 1437 μὲν
397 1355 433 1418 τὸ
453 1356 517 1417 ΚΛ
539 1353 638 1439 μέρος
655 1363 713 1438 τῆς
731 1357 885 1440 σφαίρας,
907 1354 972 1418 ὑπὸ
992 1349 1029 1417 δὲ
1048 1362 1109 1418 τοῦ
1129 1357 1158 1416 Β

144 1457 296 1542 ἕβλέπετο
319 1461 356 1524 τὸ
381 1463 450 1524 ΓΛ.
496 1464 632 1527 ἔλαττον
655 1457 692 1525 δὲ
715 1462 752 1525 τὸ
776 1465 840 1525 ΚΛ
862 1469 923 1525 τοῦ
947 1463 1017 1524 ΓΛ.
1055 1477 1159 1545 προσ-

145 1569 255 1643 ιόντος
286 1568 351 1651 άρα
382 1575 442 1630 τοῦ
474 1568 618 1651 ὄμματος
646 1570 782 1632 ἔλαττόν
809 1566 878 1631 ἐστι
909 1567 947 1630 τὸ
976 1566 1159 1651 ὁρώμενον.

145 1674 238 1739 δοκεῖ
264 1670 300 1737 δὲ
323 1676 434 1757 μεῖζον
457 1677 652 1758 φαίνεσθαι·
684 1677 802 1758 μείζων
829 1675 892 1758 γάρ
921 1673 941 1757 ἡ
968 1673 1034 1738 ὑπὸ
1059 1677 1161 1737 ΚΘΛ

90 1795 124 1844 15
144 1783 249 1863 γωνία
271 1790 329 1864 τῆς
350 1779 416 1845 ὑπὸ
440 1784 537 1845 ΓΒΛ
559 1784 689 1863 γωνίας.

623 2087 681 2128 κε.

213 2209 369 2291 Σφαίρας
396 2207 452 2271 διὰ
480 2206 542 2271 δύο
570 2206 726 2290 ὀμμάτων
753 2206 921 2291 ὁρωμένας
953 2206 1011 2271 ἐάν
1039 2205 1060 2288 ἡ
1089 2206 1163 2270 θιά-

145 2336 263 2399 μετρος
285 2321 343 2398 τῆς
365 2315 509 2399 σφαίρας
532 2319 587 2397 ἴση
614 2309 635 2402 ᾖ
658 2325 697 2400 τῇ
721 2315 852 2401 εὐθείᾳ,
880 2311 934 2398 ἐφ’
959 2313 1003 2396 ἣν
1030 2313 1162 2395 διεστή-

145 2438 222 2489 κασι
249 2421 290 2486 τά
317 2422 446 2504 ύμματα
474 2418 530 2484 ἀπ’
555 2420 722 2506 ἀλλήλων,
755 2422 792 2485 τὸ
815 2420 1035 2506 ἡμισφαίριον
1059 2419 1164 2503 αὐτῆς

92 2542 128 2591 20
146 2527 331 2613 ὀφθήσεται
355 2528 442 2593 ὅλον.
979 2528 981 2533 “

145 2728 358 2736 ———-

220 2868 244 2916 2.
266 2857 330 2933 οὖν]
349 2861 386 2928 δή
404 2861 528 2915 Bvat.v.
608 2861 766 2931 ἐπεζεύχθω
784 2860 837 2914 Bv.
925 2865 949 2915 3.
969 2862 1034 2932 ΔΒ]
1054 2867 1106 2916 ΑΒ
1126 2880 1164 2917 m.

185 2934 245 3005 ΓΔ]
265 2950 317 2988 om.
337 2932 396 3000 Bv‚
419 2950 455 2986 m.
476 2939 491 2986 2
510 2932 575 2986 vat.
666 2938 690 2986 5.
715 2931 782 3002 ἄρα]
801 2931 832 2984 in
850 2949 904 2986 ras.
923 2931 957 3000 V,
982 2930 1014 2986 δέ
1032 2932 1162 2988 BVat.v.

183 3007 235 3060 εἰσι
253 3022 279 3059 v.
371 3010 394 3057 7.
421 3003 525 3075 ἔγγιον]
550 3021 618 3058 corr.
638 3020 672 3057 ex
697 3002 804 3072 ἔγγειον
826 3002 859 3056 V.
952 3010 974 3057 8.
1000 3003 1165 3076 ἐπεζεύχθω

148 3080 247 3132 εὐθεῖα
266 3076 284 3145 ἡ
305 3077 356 3130 ΘΑ
375 3071 439 3146 καί]
460 3092 544 3144 supra
563 3092 613 3130 sor.
632 3093 669 3128 m.
689 3080 704 3127 2
723 3074 756 3128 V.
831 3073 1066 3147 περιγεγράφθω]
1084 3094 1165 3145 περι-

148 3167 231 3219 supra
251 3165 300 3201 scr.
320 3164 355 3200 m.
376 3153 400 3215 2,
418 3146 564 3215 supposita
582 3146 695 3214 lineola,
714 3145 746 3200 V.
838 3150 862 3200 9.
882 3146 955 3200 Ante
974 3146 1077 3209 κύκλος
1096 3148 1164 3202 add.

147 3221 211 3289 περὶ
233 3219 285 3288 τὴν
311 3221 361 3274 ΘΑ
384 3217 508 3271 Evam.
598 3217 709 3287 κύκλος]
729 3217 833 3271 κύκλον
852 3234 877 3285 V,
902 3221 939 3283 0⁹
956 3217 986 3272 B.
1065 3220 1165 3290 ΑΛΚ]

147 3295 259 3346 ΑΛΘΚ
275 3307 316 3358 m,
342 3307 378 3342 m.
399 3294 415 3342 2
434 3288 529 3343 vvat.
621 3288 778 3359 ἐπεζεύχθω
801 3289 854 3342 Bv.
947 3295 988 3343 10.
1014 3290 1118 3344 εύθεῑα
1138 3309 1165 3358 v,

148 3379 236 3431 comp.
252 3361 282 3414 B.
340 3360 375 3430 Θ]
395 3377 480 3429 supra,
499 3366 671 3414 scr.m.1V.
727 3365 768 3414 11.
787 3361 849 3431 τοῦ]
868 3368 917 3429 τῆς
935 3360 1063 3415 Βλίιιέκ.
1122 3367 1164 3415 12.

149 3432 329 3504 ἔβλεπελίω.
386 3432 636 3502 15.ΓΒΔ]ΚΒΔ
653 3450 689 3486 m.
751 3436 792 3485 16.
812 3431 868 3503 κε’]
888 3432 935 3501 κη’
950 3432 984 3501 V,
1004 3432 1048 3496 κζ’
1063 3432 1163 3487 Vadam

185 3509 225 3557 18.
245 3496 275 3575 ᾖ]
295 3518 379 3570 supra
398 3519 448 3557 scr.
467 3521 503 3556 m.
525 3509 539 3555 1
559 3503 590 3557 Β.
662 3501 710 3573 ἥν]
730 3498 763 3570 ἧς
780 3503 904 3558 Bvat.v.

71 3704 130 3720 ¹*-
