2424 3944
229 189 268 240 IN
288 187 497 239 OPTICORUM
515 186 771 239 RECENSIONEM
790 189 957 241 THEONIS.
1034 187 1098 250 281

88 333 184 414 κοινή
212 333 423 416 προσκείσθω
452 329 472 413 ή
500 329 566 394 ὑπὸ
593 334 716 395 ΗΚΔ·
749 332 785 395 αί
810 331 875 396 ὑπὸ
905 335 1014 396 ΓΚΗ
1036 333 1100 415 ἄρα

87 441 199 502 ΗΚΔ
231 449 301 512 ταῖς
332 436 398 500 ὑπὸ
430 439 555 519 ΗΚΛ,
582 440 690 501 ΗΒΔ
727 443 805 502 ίσαι.
864 435 936 502 ἀλλ’
968 439 1005 501 αι’
1034 437 1099 501 ὑπὸ

89 546 208 626 ΓΚΗ,
227 546 336 606 ΗΚΔ
365 539 464 606 ὄνσλν
491 542 610 627 ὀρθαῖς
639 549 720 607 ίσαι·
752 541 868 609 καλαί
892 543 957 608 ὑπὸ
980 546 1100 627 ΗΚΔ,

88 654 192 714 ΗΒΛ
215 652 279 735 ἄρα
303 647 402 712 δυσὶν
424 648 545 734 ὀρθαῖς
569 655 637 713 ίσαι
661 653 755 715 εἰσίν.
793 652 876 715 ὥστε
898 648 1011 714 καλαί
1032 656 1100 715 λοι-
1159 706 1160 710 ,

87 759 158 822 παί.
204 755 255 819 ὄτι
283 752 334 837 δέ,
362 753 420 818 ἐὰν
446 756 690 840 τετραπλεύρου
719 758 755 820 αί
776 755 974 822 ἀπεναντίον
1002 756 1101 822 δυσὶν
1138 769 1153 818 5

89 863 211 948 ὀρθαῖς
235 867 303 925 ίσαι
326 857 420 944 ὦσιν,
444 860 481 925 ἐν
501 862 610 949 κύκλῳ
630 861 699 926 ἐστὶ
717 864 754 927 τὸ
773 863 1025 950 τετράπλευρον,
1049 863 1101 928 δέ·

89 970 215 1034 ὃεικται
239 967 275 1032 ἐν
298 977 343 1055 τῷ
367 968 587 1052 ὑπομνήματι.

453 1144 505 1209 Ad
528 1168 619 1230 prop.
643 1146 742 1212 XLV.

159 1253 210 1318 85.
248 1254 296 1317 Τὸ
320 1251 400 1316 αὐτὸ
424 1261 469 1340 τῷ
493 1251 557 1336 νβ’.

159 1363 228 1424 ἔστι
250 1383 300 1436 τις
322 1362 422 1435 τόπος
443 1362 565 1442 κοινός,
589 1359 625 1424 έν
649 1353 676 1447 ᾧ
699 1369 759 1424 τοῦ
782 1363 926 1444 ὄμματος
949 1360 1104 1438 τεθέντος
1123 1376 1156 1424 10

92 1469 135 1532 τὰ
159 1472 213 1531 ἴσα
235 1464 359 1550 μεγέθη
383 1468 482 1530 ἄνισα
506 1469 667 1550 φαίνεται.

160 1575 242 1639 έστω
267 1579 322 1637 ίσα
340 1572 464 1656 μεγέθη
483 1574 523 1637 τὰ
541 1579 573 1637 Α
578 1577 617 1656 Β,
632 1576 704 1657 ΒΓ,
727 1571 782 1637 καλ
800 1574 894 1657 ήχθω
915 1572 980 1638 ἀπὸ
998 1583 1058 1637 τοῦ
1074 1578 1103 1636 Β

91 1681 176 1767 πρὸς
203 1679 310 1766 ὀρθὰς
336 1679 356 1762 ή
380 1684 444 1742 ΒΛ
470 1678 526 1743 καὶ
554 1678 776 1763 ἐκβεβλήσθω.
822 1678 921 1764 λέγω,
949 1680 1000 1744 ὄτι
1022 1677 1101 1743 καθ’
1182 1737 1187 1748 .

92 1789 274 1854 ὁποιονοῦν
296 1795 354 1870 τής
377 1791 440 1850 ΒΔ
462 1785 561 1872 μέρος
583 1793 665 1871 τεθή
689 1788 726 1851 τὸ
750 1788 851 1871 ὄμμα,
879 1788 919 1850 τὰ
942 1791 1023 1869 ΑΒ,
1041 1788 1109 1849 ΒΓ

94 1901 151 1960 ίσα
179 1898 340 1978 φαίνεται.
386 1896 444 1957 καί
469 1892 538 1956 ἐστι
565 1892 712 1957 αὐτόθεν
740 1894 851 1976 ὃήλον.
899 1896 1103 1977 μετακείσθω
1124 1905 1157 1955 15

94 2003 136 2084 δή
164 2001 201 2064 τὸ
229 2001 317 2083 ὄμμα
343 1997 399 2063 καὶ
427 2001 508 2063 έστω
537 1999 574 2062 τὸ
602 2003 640 2063 Ε.
687 1997 801 2083 λέγω,
819 1999 869 2064 ὄτι
897 1998 960 2064 ἀπὸ
988 2007 1048 2064 τοῦ
1076 2004 1107 2063 Ε

93 2111 193 2172 ὄνισα
216 2110 379 2190 φαίνεται.
415 2104 710 2191 προσπιπτέτωσαν
733 2107 796 2192 γὰρ
821 2105 949 2183 ἀκτῖνες
972 2108 1009 2171 αί
1028 2111 1106 2190 ΑΕ,

93 2219 170 2297 ΕΒ,
184 2217 256 2296 ΕΓ,
275 2211 330 2277 καὶ
345 2213 526 2298 γεγράφθω
542 2212 617 2299 περὶ
632 2215 669 2279 τὸ
683 2218 786 2279 ΑΓΕ
797 2218 962 2300 τρίγωνον
976 2214 1106 2296 κύκλος,

93 2319 150 2385 καὶ
174 2319 384 2403 ἐκβεβλήσθω
409 2319 428 2403 ή
452 2325 516 2384 ΕΒ
540 2318 592 2385 ἐπὶ
615 2323 652 2385 τὸ
670 2325 714 2385 Η.
752 2320 820 2386 ἐπεὶ
839 2319 901 2387 οὖν
925 2327 979 2404 ἴση
1000 2321 1020 2404 ἡ
1040 2324 1105 2384 ΑΒ

94 2437 135 2512 πή
163 2430 240 2509 ΒΓ,
273 2431 391 2510 μείζων
419 2423 456 2490 δέ
483 2426 503 2509 ή
533 2431 596 2492 ΓΕ
621 2437 679 2511 τής
701 2433 782 2510 ΑΕ,
814 2431 933 2511 μείζων
960 2429 1025 2512 ἄρα
1051 2424 1107 2490 καλ
1125 2439 1159 2487 20

95 2537 202 2617 γωνία
230 2534 249 2618 ή
277 2533 343 2598 ὑπὸ
371 2543 438 2597 τῶν
465 2538 546 2616 ΑΕ,
570 2538 632 2598 ΕΒ
664 2542 721 2617 τής
747 2533 813 2598 ὑπὸ
840 2544 906 2598 τῶν
934 2537 1012 2615 ΒΕ,
1035 2535 1106 2596 ΕΓ.

96 2644 216 2726 μείζων
244 2641 308 2723 ὄρα
336 2641 518 2724 φανήσεται
544 2638 565 2721 ἡ
589 2644 653 2703 AB
683 2648 740 2723 τής
763 2642 834 2703 ΒΓ.
880 2639 1037 2714 ὡσαύτως
1060 2637 1107 2721 δέ,

96 2747 161 2812 κᾶν
184 2743 244 2831 μέν
268 2744 320 2810 ἐπὶ
343 2755 401 2830 τής
424 2750 487 2809 ΒΖ
510 2751 606 2830 τεθή,
640 2751 694 2809 ίσα
714 2748 881 2829 φαίνεται,
914 2744 971 2809 ἐὰν
995 2741 1032 2809 δὲ
1055 2743 1108 2809 ἐπὶ

96 2863 156 2937 τής
179 2856 262 2936 ΒΗ,
291 2854 398 2917 ἄνισα.
444 2852 565 2936 ὁμοίως
592 2847 629 2914 δέ
656 2849 710 2915 καὶ
739 2848 792 2916 ἐπὶ
820 2863 887 2916 τῶν
910 2853 1020 2916 ἄλλων
1047 2861 1107 2916 τοῦ

96 2961 222 3026 κύκλου
241 2971 350 3045 μερῶν
368 2957 469 3045 χωρὶς
486 2967 544 3042 τής
561 2958 648 3044 πρὸς.
662 2958 769 3044 ὀρθὰς
788 2958 846 3024 ἐὰν
862 2965 943 3044 τεθή
958 2959 995 3023 τὸ
1010 2960 1107 3043 ὄμμα,
1126 2969 1160 3019 25

97 3070 198 3132 ἄνισα
220 3070 383 3149 φαίνεται.

97 3183 312 3194 ,.,.-..-..---

170 3246 213 3295 85.
232 3240 283 3308 Vq
302 3241 376 3309 (post
394 3244 437 3308 45,
456 3239 503 3311 νβ’
544 3242 554 3308 )
573 3237 657 3308 (an
674 3256 728 3307 mg.
748 3237 816 3308 inf).

170 3407 195 3456 2.
215 3400 257 3472 αἱ]
277 3417 365 3467 comp.
385 3398 418 3466 V,
438 3414 495 3466 seq.
514 3415 568 3453 ras.
648 3405 672 3453 3.
692 3398 734 3470 αλ]
753 3397 783 3450 in
801 3415 855 3452 ras.
875 3398 907 3452 V.
986 3405 1009 3452 9.
1028 3397 1072 3468 τό]
1093 3414 1108 3451 e

99 3491 168 3527 corr.
188 3490 224 3526 m.
242 3488 296 3526 ree.
310 3470 343 3524 V.
417 3475 458 3561 37.
479 3469 520 3541 αἱ]
540 3488 566 3538 q,
583 3470 705 3562 μονή,
753 3471 861 3594 ΑΕήῙη
880 3472 909 3522 et
927 3485 995 3524 corr.
1011 3486 1045 3523 ex
1058 3474 1108 3523 AB

98 3564 135 3601 m.
154 3560 208 3598 rec.
227 3543 261 3598 V.
333 3548 374 3596 26.
395 3543 468 3609 ζητει
486 3542 517 3596 τὸ
536 3545 671 3611 θεωρημα
690 3540 793 3596 ὄπιθεν
839 3584 844 3594 .
