2424 3944
453 183 683 237 CATOFPRIOA.
1006 182 1070 246 317

126 327 169 392 sit
193 333 226 391 A
232 329 264 391 Γ
287 327 453 412 speculum
475 329 623 412 planum,
651 329 763 393 oculus
787 332 896 392 autem
919 331 962 411 B,
988 326 1071 390 radii

57 438 170 499 autem
193 438 264 520 BA,
283 437 350 498 ΒΓ
368 435 408 498 ad
426 438 464 519 Ε,
479 440 512 498 Λ
535 433 675 518 refracti,
698 437 848 500 cernatur
868 438 976 498 autem
995 438 1073 518 ΕΔ,

56 546 90 606 11
125 543 166 605 ab
198 545 241 626 E,
263 546 296 604 Λ
332 540 371 604 ad
405 540 571 625 speculum
603 540 881 624 perpendiculares
914 540 1073 604 ducantur

55 653 89 712 Ε
95 652 123 711 Ζ
130 699 138 733 ,
161 653 194 712 Δ
201 651 230 711 Θ
262 652 294 712 et
321 647 553 732 producantur,
584 647 804 731 producantur
834 650 943 710 autem
972 646 1070 711 etiam

58 1515 143 1582 radii
162 1516 235 1598 ΒΓ,
248 1517 311 1577 BA
330 1517 362 1577 et
381 1513 700 1598 perpendicularibus
719 1518 911 1578 conc-urrant
930 1514 965 1577 iu
978 1518 1020 1599 Κ,
1034 1519 1074 1600 Λ,

60 1628 94 1689 11
122 1623 259 1686 ducatur
283 1622 359 1684 ΛΚ.
405 1624 437 1683 Ε
461 1619 564 1706 igitur
590 1618 626 1682 in
648 1622 693 1702 Κ,
711 1623 745 1682 Δ
773 1623 882 1683 autem
908 1620 944 1683 in
967 1624 998 1684 A
1021 1622 1074 1684 ad-

60 1733 168 1816 paret,
199 1727 261 1792 hoc
291 1726 377 1790 enim
405 1730 500 1790 antea
522 1727 780 1790 demonstratum
803 1729 852 1790 est
881 1726 984 1811 [prop.
1006 1725 1072 1811 16].

61 1856 141 1920 ergo
164 1838 273 1917 partes
298 1832 448 1896 sinistrae
469 1832 599 1896 dextrae
623 1833 787 1916 adparent,
810 1833 940 1897 dextrae
964 1838 1074 1898 autem

61 1941 224 2007 sinistrae.
257 1944 290 2004 et
309 1938 463 2022 quoniam
482 1941 663 2014 LKFZ=
676 1941 779 2023 ΖΓΕ,
803 1943 836 2003 11
855 1940 966 2025 anguli
986 1941 1026 2004 ad
1046 1946 1074 2005 Z

60 2047 162 2133 positi
189 2045 270 2110 recti
299 2049 387 2130 sunt,
420 2045 481 2110 erit
509 2045 608 2109 etiam
637 2049 705 2109 ΖΚ
717 2077 758 2098 --
775 2050 845 2110 ΖΕ.
896 2047 1006 2111 eadem
1035 2049 1073 2113 de

60 2176 159 2220 causa
187 2153 286 2217 etiam
313 2157 383 2216 ΛΘ
398 2183 438 2204 =
456 2156 525 2216 ΘΛ.
576 2174 653 2238 ergo
682 2152 850 2239 distantia,
878 2177 942 2238 qua
964 2160 1031 2218 ΕΛ
1055 2179 1074 2220 a

63 2259 194 2344 speculo
219 2259 319 2343 abest,
343 2259 486 2343 aequalis
510 2263 560 2323 est
586 2258 768 2345 distantiae,
792 2283 855 2345 qua
877 2261 986 2347 imago
1005 2266 1074 2326 ΚΛ

64 2367 165 2430 abest.
202 2370 235 2429 et
259 2366 345 2449 quod
368 2364 511 2430 cernitur
528 2371 604 2451 ΕΛ,
627 2367 759 2450 aequale
779 2371 828 2430 est
846 2366 982 2452 imagini
996 2372 1074 2453 KA,

62 2473 137 2557 quia
168 2474 381 2556 EZ=ZK,
414 2476 630 2556 Ac=cA,
664 2476 697 2536 et
733 2476 794 2535 ΘΖ
827 2473 1006 2537 communis
1040 2479 1073 2539 et

62 2578 345 2663 perpendicularis

542 2721 592 2784 20.

128 2845 168 2909 ln
198 2846 337 2930 speculis
361 2844 512 2910 connexis
540 2849 649 2929 partes
678 2844 827 2909 sinistrae
858 2846 987 2909 dextrae
1018 2845 1073 2908 ad-

63 2956 193 3037 parent,
225 2952 355 3016 dextrae
387 2955 495 3016 autem
523 2951 688 3037 sinistrae,
720 2955 752 3016 et
778 2951 887 3036 imago
916 2951 1075 3015 minorem

63 3058 164 3122 habet
187 3057 377 3121 distantiam
400 3079 419 3121 a
442 3057 580 3141 speculo.

131 3164 175 3229 sit
215 3167 285 3228 ΑΓ
326 3164 492 3249 speculum
533 3186 728 3247 connexum,
775 3168 921 3229 centrum
964 3168 1073 3228 autem

64 3270 219 3355 sphaerae
241 3276 278 3355 Θ,
297 3271 408 3335 oculus
428 3276 537 3336 autem
552 3275 591 3354 Β,
610 3274 642 3334 et
660 3270 743 3334 radii
762 3274 832 3354 BA,
846 3273 914 3334 ΒΓ
931 3271 971 3333 ad
989 3277 1031 3353 Λ,
1045 3276 1077 3335 Ε

62 3400 146 3405 —.—
159 3400 274 3404 -r—-
283 3400 287 3404 .
335 3399 412 3403 ..-
427 3399 430 3403 .
508 3399 518 3403 -
527 3399 588 3403 --.
624 3396 757 3403 -,..-----

63 3466 218 3533 ὁρώμενον,
241 3464 290 3519 καὶ
308 3463 338 3516 τὸ
358 3461 473 3518 εἴδωλον
493 3462 607 3517 ἔλασσόν
627 3461 683 3516 ἐστι
700 3469 750 3515 τοῦ
770 3458 911 3530 ὁρωμένου
930 3480 965 3516 m.
1030 3467 1073 3518 23.

63 3538 97 3608 B]
118 3541 147 3605 B,
168 3536 309 3605 ὁρώμενον
329 3531 359 3588 di
378 3534 409 3588 τὸ
428 3538 492 3604 ΔΕ,
511 3553 547 3589 m.
621 3538 679 3602 BA,
694 3533 763 3604 ΒΓ]
784 3536 843 3601 ΒΓ,
859 3539 907 3587 BA
925 3552 961 3587 m.
