2424 3944
480 179 713 231 CATOPTRIGA.
1034 177 1101 242 305

85 320 175 386 sicut
196 320 233 384 in
254 321 393 405 speculis
411 320 518 406 planis
539 322 764 407 conuexisque,
787 325 822 385 K
841 322 876 386 in
893 327 938 387 M
956 323 1100 408 adparet,

84 430 127 492 N
150 431 259 491 autem
284 427 321 491 in
348 433 387 493 Λ.
441 450 538 513 quare
566 451 694 494 sursum
722 431 872 495 deorsum
899 451 1012 494 uersae
1041 430 1094 494 ad-

83 2080 208 2162 parent.
245 2095 355 2138 rursus
375 2072 410 2136 in
428 2070 600 2135 altitudine
619 2076 710 2136 extra
726 2095 918 2140 concursum
936 2078 1044 2161 posita
1058 2085 1092 2143 Δ

83 2183 119 2248 in
143 2187 182 2246 H
200 2183 347 2266 adparet,
373 2183 404 2243 E
430 2183 540 2243 autem
566 2178 600 2243 in
626 2183 666 2264 (d,
699 2201 811 2267 quare,
838 2183 923 2248 sicut
950 2189 1012 2268 est,
1043 2186 1093 2251 ita

84 2291 227 2374 adparet.

151 2455 262 2496 rursus
282 2430 486 2515 profunditas
507 2431 550 2495 sit
564 2436 633 2495 ΛΕ
649 2435 682 2495 et
696 2434 730 2495 K
735 2436 773 2514 Θ,
797 2433 962 2516 speculum
982 2439 1091 2499 autem

84 2562 261 2605 concauam
285 2541 364 2622 AF,
394 2537 505 2602 oculus
534 2542 643 2602 autem
665 2542 707 2619 B,
735 2542 768 2602 et
795 2539 877 2602 radii
904 2540 1035 2604 refracti
1058 2546 1092 2605 et

82 2646 118 2710 in
143 2650 170 2709 Z
199 2648 434 2711 concurrentes.
483 2643 592 2726 itaque
621 2643 719 2708 radiis
746 2645 913 2727 productis
942 2646 1092 2712 similiter

83 2757 206 2836 puncta
228 2755 263 2815 K
265 2755 324 2837 ,Θ
351 2773 480 2816 sursum
509 2751 659 2814 deorsum
686 2772 781 2814 uersa
808 2751 976 2836 adparent,
1003 2756 1038 2816 K
1057 2753 1093 2818 in

84 2862 120 2944 F,
140 2863 168 2923 Θ
187 2863 296 2922 autem
314 2857 349 2921 in
368 2863 410 2941 A,
429 2858 512 2922 sicut
531 2856 565 2921 in
584 2856 722 2941 speculis
740 2856 846 2939 planis
867 2858 1093 2946 conuexisque,

82 2972 129 3050 A,
152 2970 184 3029 Ε
208 2987 300 3047 uero,
333 2964 417 3030 sicut
446 2968 534 3048 sunt,
567 2969 599 3028 Ε
623 2963 757 3027 inferius
784 2964 820 3027 in
847 2970 892 3049 A,
916 2972 949 3029 Λ
982 2971 1092 3032 autem

82 3072 229 3156 superius
252 3073 285 3135 in
312 3074 346 3135 Γ,

563 3249 611 3311 12.

148 3389 382 3476 Longitudines
412 3387 561 3470 obliquae
588 3387 624 3450 in
652 3389 790 3472 speculis
815 3393 979 3475 concauis,
1008 3416 1089 3477 quae

80 3497 169 3561 intra
188 3518 380 3561 concursum
399 3494 562 3558 radiorum
579 3494 705 3577 positae
727 3501 811 3582 sunt,
831 3498 916 3563 sicut
935 3505 1021 3587 sunt,
1042 3501 1091 3566 ita

134 3628 285 3679 Euclides,
300 3628 348 3668 cdd.
360 3627 463 3677 Hcibcrg
477 3629 500 3666 ct
514 3628 603 3677 Mengc.
624 3627 677 3667 VII.
895 3627 930 3676 20
