2424 3944
441 803 493 868 Ad
515 804 759 890 praefationem.

156 939 185 1002 1.
209 934 365 1002 Τουτέστι
379 938 462 1001 κατὰ
476 936 649 1021 συνέχειαν
663 961 692 1022 p.
706 939 777 1021 148,
789 939 934 1023 18-19]
950 941 989 1004 οὐ
1000 949 1097 1005 τοῦτο

89 1048 175 1110 ἔοικε
194 1038 315 1127 Ιλέγειν
346 1045 383 1108 τὸ
411 1046 493 1109 κατὰ
526 1043 698 1129 συνέχειαν
729 1045 834 1128 ἤγουν
866 1057 1011 1129 συνεχῶς
1043 1044 1098 1111 καὶ

89 1150 250 1235 ἐχομένως
274 1150 337 1215 ἀεί·
370 1156 420 1233 είη
448 1150 511 1236 γάρ
535 1149 577 1215 aa
600 1149 752 1215 ἐναντίον
775 1160 820 1237 τῷ
844 1148 880 1214 ἐν
903 1152 1098 1236 διαστήματι

88 1257 252 1342 φέρεσθαι
274 1255 330 1321 καὶ
353 1256 388 1320 ἐκ
412 1256 642 1340 διαστημάτων
664 1257 785 1332 ταύτας
807 1256 980 1343 ὑπάρχειν·
1011 1258 1097 1341 λέγει
1134 1267 1150 1316 5

89 1360 125 1429 δὲ
153 1364 234 1429 κατὰ
262 1361 435 1447 συνέχειαν
462 1364 499 1428 τὸ
523 1362 638 1448 ἑφεξῆς
660 1366 872 1446 μεταπίπτειν
898 1363 1019 1448 καὶμὴ
1043 1387 1098 1430 πε-

89 1469 314 1554 πλανημένως,
338 1470 421 1535 ἀλλὰ
439 1471 521 1534 κατὰ
538 1471 718 1554 μετάβασιν
736 1470 917 1556 προϊούσας
939 1469 994 1534 καὶ
1016 1478 1098 1555 μεδ-

90 1576 274 1661 ισταμένας.

156 1703 184 1765 2.
208 1699 351 1787 Ἔφερεν
375 1703 482 1777 αἰτίας
503 1724 534 1784 p.
555 1701 632 1784 148,
651 1699 708 1785 22]
732 1701 838 1783 ἤγουν
856 1700 1031 1784 αἰτιάματα
1055 1702 1099 1777 ὡς

87 1810 131 1893 μὴ
155 1809 236 1872 κατὰ
259 1809 360 1890 λόγον
383 1810 561 1892 λεγόμενον
584 1808 777 1890 αἰτιώμενος
799 1806 889 1871 αὐτό,
1118 1817 1151 1866 10

155 1935 184 1998 3.
222 1923 304 1996 Οἷον
332 1935 451 2014 γωνίαι
475 1955 505 2016 p.
531 1932 609 2016 154,
632 1930 666 2016 2]
695 1929 879 1996 κάντεῦθεν
908 1931 969 2018 ὄρα
997 1933 1033 1997 τὸ
1063 1931 1099 1996 ἐν

91 2041 289 2123 διαστήμασι
321 2039 379 2116 τάς
411 2041 503 2116 ὄψεις
536 2037 712 2122 φέρεσθαι,
748 2041 819 2104 νόει
856 2035 894 2103 δὲ
925 2047 1028 2103 ταῦτα
1059 2040 1099 2103 τά

89 2147 292 2229 διαστήματα
311 2145 499 2229 βραχύτατα
518 2144 599 2210 ὄσον
618 2135 690 2210 οἷόν
708 2143 745 2209 τέ
761 2144 829 2210 ἐστι
848 2145 999 2230 μάλιστα,
1019 2144 1099 2209 ὅσον

89 2263 161 2327 ταῖς
179 2253 263 2337 πρὸς
281 2261 326 2339 τῷ
346 2253 465 2335 ὄμματι
479 2253 616 2332 γωνίαις
630 2250 748 2332 ἐγγίζει
762 2300 873 2316 .......
888 2252 1099 2337 πορρώτερον

91 2367 152 2422 τοῦ
176 2360 319 2442 ὄμματος
347 2354 397 2421 ἀεὶ
424 2359 520 2440 μείζω
544 2360 670 2438 γίνεται
790 2355 928 2443 κέντρου
952 2357 1014 2442 γάρ
1039 2365 1098 2420 τοῦ
1118 2365 1152 2415 15

89 2467 234 2548 ὄμματος
256 2461 441 2546 νοουμένου
465 2461 590 2545 ἀνάγκη
613 2463 671 2538 τὰς
689 2465 781 2540 ὄψεις
800 2463 986 2538 κωνοειδῶς
1004 2461 1099 2549 φέρε-

89 2577 170 2635 σθαι
194 2567 249 2634 καὶ
272 2571 452 2655 προϊούσας
474 2573 600 2654 μᾶλλον
624 2568 775 2652 ἀλλήλων
798 2571 977 2652 σχίζεσθαι,
1003 2567 1020 2632 δ
1043 2568 1099 2633 καὶ

88 2678 192 2759 δῆλον
215 2683 323 2741 αίτιον
346 2680 500 2759 γίνεσθαι
523 2684 583 2740 τοῦ
605 2684 672 2740 πᾶν
695 2674 835 2759 μέγεθος
863 2677 950 2758 ἔχειν
972 2698 1004 2739 τι
1027 2675 1099 2738 διά-

89 2801 210 2866 στημα,
239 2782 296 2867 ἀφ’
318 2779 359 2848 οὗ
383 2784 443 2867 οὐχ
467 2783 591 2868 ὁρᾶται.
636 2779 731 2868 μέχρι
753 2778 814 2865 μὲν
837 2782 899 2868 γάρ
924 2784 1036 2864 ἔγγιον
1059 2781 1099 2847 δν

89 2892 199 2974 μεῖζον
223 2883 243 2976 ᾖ
267 2897 326 2953 τοῦ
350 2900 416 2954 τῶν
435 2891 545 2967 ὄψεων
563 2890 792 2973 διαστήματος,
816 2888 940 2975 ὁρᾶται,
965 2888 1099 2954 ἐπειδὰν
1117 2897 1152 2947 20

160 3082 242 3137 1.v¹.
315 3083 398 3137 2.v¹.
471 3081 552 3135 3.v¹.
641 3130 643 3133 ,

161 3267 201 3315 14.
228 3260 302 3314 Ante
325 3259 501 3327 nepetaeque
524 3260 632 3327 septem
653 3257 780 3327 litterae,
803 3274 874 3326 quas
894 3256 1030 3312 extricare
1048 3274 1099 3312 ne-

89 3348 168 3399 queo,
252 3337 293 3386 15.
318 3330 420 3397 ὄματος
442 3331 480 3384 v¹.
561 3330 635 3383 Ante
658 3327 775 3398 κέντρου
795 3346 883 3398 comp.
902 3329 1040 3384 incertum
1059 3329 1099 3400 (ἐξ

89 3402 251 3474 ἀνάγκηςῖ).
326 3407 367 3456 16.
387 3399 509 3472 ἀνάγκη]
529 3418 616 3470 comp.
637 3402 676 3456 οἱ.
