2424 3944
308 161 463 212 εοΗοιιλ
481 161 520 211 IN
538 159 707 211 Eucmms
727 159 863 211 ονοιοε.
1028 155 1091 220 133

147 304 200 367 41.
233 302 376 367 Εὐθεῖαι
402 306 552 384 γίνονται
579 325 610 386 p.
634 303 690 386 36,
714 302 753 387 3]
772 311 1004 388 περιφερειῶν
1032 298 1093 386 μὲν

81 409 186 492 οὔσης
203 417 261 493 τῆς
279 418 382 492 σκιᾶς,
405 410 461 473 διδ
480 406 517 473 δὲ
534 410 593 484 τὰς
607 406 819 492 ἐξερχομένας
837 407 900 472 ἀπὸ
915 415 975 472 τοῦ
990 412 1093 492 φωτί-

80 519 195 594 ζοντος
222 515 418 592 ἀποστάσεις
444 519 626 600 φαίνεσθαι
649 516 784 597 ταύτας,
817 515 889 590 ολας
914 511 969 579 καὶ
992 513 1030 578 έν
1053 524 1092 600 τῇ

81 621 214 709 εὐθείᾳ,
238 620 293 687 καὶ
316 617 401 688 εἶναι
424 623 586 698 τοιαύτας.

148 746 200 810 42.
235 748 378 829 Ποιησει
406 742 468 811 οὖν
496 747 600 831 τομὴν
626 747 750 811 κύκλον
776 769 806 830 p.
831 746 887 829 36,
910 745 967 830 23]
995 753 1093 810 τοῦτο
1130 755 1146 804 5

80 850 118 943 έν
141 863 212 928 τοῖς
234 856 435 938 Σφαιρικοίς
457 860 517 917 τοῦ
543 851 724 918 Θεοδοσίου
748 853 917 916 δείκνυται
942 851 982 937 [1,
1006 852 1049 936 1].

148 974 200 1041 43.
234 977 283 1040 Ac
308 976 384 1059 ΓΒ,
406 981 470 1041 ΒΑ
497 977 560 1063 θρα
590 975 792 1061 ἐφάπτονται
815 1000 845 1060 p.
865 977 922 1062 38,
948 974 981 1059 1]
1011 976 1093 1061 ητῇ

83 1081 247 1170 διαμέτρῳ
271 1083 334 1169 γὰρ
357 1092 417 1147 τοῦ
440 1084 564 1149 κύκλου
587 1085 670 1168 πρὸς
693 1081 800 1170 ὀρθὰς
823 1080 879 1147 ἀπ’
897 1084 999 1168 ἄκρας
1017 1081 1094 1166 ἀγο-

81 1188 164 1273 μένη
189 1188 366 1273 ἐφάπτεται
389 1198 448 1254 τοῦ
471 1193 611 1274 κύκλου,
640 1191 815 1277 διάμετρος
838 1187 874 1254 δέ
897 1188 917 1272 ἡ
942 1196 974 1253 Α
980 1192 1012 1253 Γ
1034 1198 1094 1254 τοῦ

82 1297 225 1360 ΓΗΔΘ
247 1297 381 1361 κύκλου.
1113 1307 1148 1356 10

148 1422 201 1485 44.
236 1418 352 1508 Ὀρθαλ
380 1422 443 1508 ἄρα
472 1424 509 1487 αλ
532 1424 616 1507 πρὸς
644 1432 690 1510 τῷ
718 1424 754 1485 Κ
777 1445 808 1507 p.
832 1422 889 1504 38,
912 1419 948 1505 3]
977 1421 1033 1484 διὰ
1061 1424 1097 1485 τί

81 1525 185 1614 ὀρθαὶ
217 1530 254 1592 αλ
277 1528 361 1613 πρὸς
388 1538 433 1616 τῷ
462 1533 507 1608 Κ;
540 1527 610 1595 ἐπεὶ
637 1531 761 1594 κύκλου
789 1536 848 1592 τοῦ
877 1530 1011 1591 ΑΓΒΛ
1038 1525 1095 1611 ε’φ-

81 1633 226 1717 ολπτηταί
250 1658 300 1711 τις
328 1635 443 1700 εὐθεῖα
472 1636 491 1720 ἡ
515 1640 554 1700 Η
557 1640 600 1718 Θ,
632 1634 696 1699 ἀπὸ
725 1629 761 1698 δὲ
788 1642 848 1698 τοῦ
875 1631 1014 1719 κέντρου
1042 1630 1096 1698 ἐπὶ

81 1742 145 1824 τὴν
168 1739 298 1824 ἐπαφὴν
327 1741 504 1826 ἐπεζεύχθη
532 1741 648 1806 εὐθεῖα
671 1740 691 1824 η
714 1745 792 1824 ΒΑ,
819 1740 840 1824 ἡ
868 1739 1096 1823 ἐπιζευχθεῖσα

81 1849 148 1933 ἄρα
170 1835 311 1923 κολθετος
333 1851 424 1913 ἔσται
447 1846 500 1913 ίπλ
523 1849 584 1932 τὴν
608 1844 851 1933 ἐφαπτομένην·
875 1845 963 1933 ὀρθὴ
986 1847 1050 1931 ἄρα
1074 1846 1094 1930 ἡ
1114 1854 1147 1903 15

81 1952 149 2017 ὑπὸ
177 1957 288 2019 ΒΑΗ.
344 1953 413 2020 ἐπεὶ
445 1951 482 2020 δὲ
514 1957 561 2032 είς
587 1957 819 2042 παραλλήλους
845 1955 903 2030 τὰς
932 1957 969 2018 Η
973 1957 1015 2036 Θ,
1035 1954 1096 2017 ΓΔ

81 2057 200 2124 εὐθεῖα
228 2058 379 2127 ἐνέπεσεν
404 2061 424 2145 η
448 2065 529 2145 ΑΒ,
561 2062 582 2146 ἡ
610 2061 702 2139 ἐκτὸς
728 2064 833 2145 γωνία
859 2060 879 2144 ἡ
907 2059 972 2126 ὑπὸ
995 2060 1100 2125 ΒΚΓ

82 2171 139 2249 ἴση
163 2163 231 2230 έστλ
254 2177 294 2252 τῇ
313 2167 405 2243 ἐντὸς
427 2166 483 2233 καλ
502 2167 700 2233 ἀπεναντίον
717 2178 757 2254 τῇ
776 2168 841 2232 ὑπὸ
860 2171 969 2231 ΒΑΗ.
1007 2166 1095 2253 ὀρθὴ

83 2267 122 2336 δέ
144 2271 165 2355 ἡ
188 2272 253 2338 ὑπὸ
273 2278 391 2338 ΒΑΗ·
416 2274 517 2360 [ὀρθὴ
541 2275 619 2361 ἄρα]
643 2273 699 2340 καλ
721 2273 741 2357 ἡ
764 2273 829 2339 ὑπὸ
848 2276 956 2338 ΒΚΓ.
993 2270 1096 2359 ὀρθαὶ

81 2381 148 2465 ἄρα
172 2379 210 2444 αι’
229 2380 312 2465 πρὸς
334 2382 371 2445 τὸ
395 2384 435 2445 Κ.
1113 2387 1148 2437 20

150 2504 203 2568 45.
232 2500 314 2569 Ὑπὸ
337 2514 397 2570 τοῦ
423 2510 452 2571 Θ
475 2504 620 2589 ὄμματος
642 2504 796 2588 βλέπεται
818 2505 926 2590 p.40.‚
946 2501 1002 2587 10]
1028 2514 1098 2578 πῶς

81 2610 150 2674 ὑπὸ
173 2607 319 2694 ὄμματος
341 2619 401 2675 τοῦ
425 2615 453 2675 Θ
475 2609 629 2694 βλέπεται
651 2613 689 2675 τὸ
709 2612 777 2675 ΚΛ
799 2609 897 2697 μέρος
919 2619 977 2694 τῆς
999 2610 1096 2693 σφαί-

84 2739 160 2802 ρας;
207 2714 275 2782 ἐπεὶ
297 2715 374 2803 περὶ
397 2717 574 2801 διάμετρον
597 2718 658 2801 τὴν
681 2724 713 2782 Α
721 2722 749 2782 Θ
771 2718 891 2792 κύκλος
914 2715 932 2781 δ
956 2720 1024 2780 ΑΛ
1031 2717 1099 2779 ΘΚ

82 2820 266 2909 γέγραπται
288 2821 417 2907 τέμνον
440 2823 499 2887 τὸν
520 2822 582 2907 [Ε]
590 2825 686 2887 ΓΔΖ
709 2823 833 2889 κύκλον
851 2823 933 2887 κατὰ
950 2823 990 2886 τὰ
1009 2825 1051 2904 Κ,
1066 2824 1097 2884 Α

83 2928 247 3015 [σημεῖα],
275 2928 339 2994 ἀπὸ
365 2925 402 2993 δὲ
425 2938 484 2992 τοῦ
509 2928 569 3014 [Α]
598 2932 735 3013 σημείου
760 2928 835 3016 [τοῦ
857 2927 1009 3014 πέρατος]
1038 2937 1095 3012 τῆς
1114 2936 1148 2986 25
1179 2909 1184 2919 ⁴

82 3033 264 3121 διαμέτρου
286 3035 362 3120 [τοῦ
380 3034 536 3119 Amy(
555 3037 679 3102 κύκλου
704 3034 757 3102 ἐπὶ
777 3037 831 3121 [τὰ
850 3039 891 3119 Α,
905 3034 953 3118 Κ]
978 3046 1095 3118 σημεῖα

81 3145 239 3226 ἤχθησαν
265 3142 395 3207 εὐθεῖαι
423 3143 460 3207 αλ
480 3149 512 3206 Α
519 3147 564 3226 Λ,
587 3146 670 3226 ΑΚ,
697 3141 753 3207 καὶ
781 3142 844 3207 ἀπὸ
870 3150 929 3206 τοῦ
953 3138 1095 3224 [ἑτέρου]

155 3287 199 3336 41.
219 3281 267 3335 Vb.
332 3287 375 3336 42.
394 3281 440 3336 V1.
505 3286 547 3335 43.
567 3281 612 3335 V1.
677 3286 719 3335 44.
738 3281 778 3335 V¹
797 3280 928 3334 deletum.
988 3284 1030 3334 45.
1050 3279 1095 3334 V1.

156 3430 181 3480 2.
201 3423 262 3495 διά]
282 3440 350 3478 corr.
370 3439 404 3476 ex
423 3424 505 3477 διταῖ
578 3428 619 3477 13.
641 3424 711 3494 ΗΘ]
732 3426 762 3475 Η
778 3439 793 3476 e
812 3439 880 3476 corr.
954 3427 996 3476 23.
1016 3418 1096 3492 περί]

84 3487 134 3569 ἕλ’.
208 3514 274 3584 ιο]
293 3514 358 3567 ιιο.
433 3517 475 3566 ιι.
495 3511 543 3565 ιιι
561 3511 630 3582 εει]
650 3528 718 3565 corr.
734 3527 768 3564 ex
786 3511 842 3565 ειο
861 3508 901 3565 οε.
