2424 3944
300 121 510 174 ornooauu
528 121 705 174 cacunem
724 122 890 174 rasonis.
1036 117 1099 182 157

513 278 516 288 '
585 286 610 346 1.

157 389 249 454 Nihil
268 411 388 473 eorum,
408 411 489 473 quae
509 394 693 474 cernuntur,
712 390 809 454 simul
827 395 935 455 totum
951 389 1101 455 cernitur.

158 502 308 563 cernatur
336 495 421 561 enim
445 503 528 583 ΑΛ,
560 498 690 562 oculum
718 502 826 562 autem
854 497 898 561 sit
921 501 964 581 Β,
995 518 1101 580 aquo

88 605 173 670 radii
203 603 353 669 adcidant
381 608 457 689 BA,
480 607 555 690 ΒΓ,
578 608 657 689 ΒΚ,
680 608 750 668 ΒΔ.
805 605 915 689 itaque
949 603 1102 687 quoniam

98 762 137 818 Α
163 761 200 819 Ι,
229 762 273 820 K
336 763 365 820 Δ
414 711 497 775 radii
516 711 699 776 adcidentes
718 711 754 774 in
773 710 928 775 distantia
945 710 1104 796 feruntur,

415 817 561 883 continui
579 840 645 882 non
664 818 813 883 adcident
832 819 873 882 ad
886 823 952 882 ΛΔ
971 817 1045 902 [def.
1060 816 1103 902 1].

415 948 514 1010 quare
529 925 565 988 in
578 930 644 990 ΑΔ
663 946 790 1008 quoque
810 924 984 990 interualla
1003 924 1105 989 orien-

415 1038 485 1117 tur,
525 1034 566 1097 ad
606 1054 687 1116 quae
723 1032 806 1097 radii
843 1054 911 1097 non
946 1031 1104 1096 adcident.

416 1162 494 1226 ergo
513 1146 580 1204 ΑΔ
617 1140 713 1204 simul
731 1144 840 1204 totum
862 1161 929 1203 non
947 1142 1104 1204 cernetur.

416 1248 549 1311 uidetur
563 1251 672 1312 autem
693 1246 790 1311 simul
809 1246 905 1330 cerni,
928 1245 1005 1328 quia
1022 1244 1105 1310 radii

219 1336 253 1394 B
416 1354 563 1418 celeriter
585 1357 820 1418 transcurrunt.

586 1499 616 1561 2.

160 1599 353 1684 Aequalium
385 1601 647 1687 magnitudinum
673 1601 709 1665 in
738 1601 894 1666 distantia
925 1600 1106 1684 positarum
1158 1644 1160 1648 -

92 1730 170 1792 eae,-
187 1730 268 1791 quae
290 1707 425 1792 propius
448 1707 575 1792 positae
599 1713 690 1793 sunt,
713 1708 831 1773 clarius
855 1711 1040 1773 cernuntur.

162 1814 274 1879 oculus
299 1814 342 1878 sit
366 1819 409 1898 Β,
436 1817 610 1878 cernantur
633 1820 742 1879 autem
766 1818 834 1899 ΓΔ,
853 1818 929 1879 ΚΛ.
977 1818 1106 1898 oportet

93 1926 204 1987 autem
227 1943 266 1986 ea
288 1921 436 2004 aequalia
459 1925 491 1985 et
513 1921 669 2006 parallela
690 1922 826 2007 fingere,
849 1926 882 1986 et
904 1921 1039 2006 propius
1064 1920 1107 1984 sit

94 2032 164 2094 ΓΛ.
211 2034 244 2093 et
266 2028 348 2092 radii
372 2028 523 2093 adridunt
544 2033 583 2093 ut
606 2032 680 2111 ΒΓ,
700 2032 772 2113 ΒΔ,
791 2032 871 2115 ΒΚ,
888 2033 958 2094 ΒΛ.
1003 2050 1107 2112 neque

93 2136 182 2200 enirn
205 2135 397 2199 contendere
419 2157 607 2222 possumne,
630 2136 738 2200 radios
762 2159 782 2201 a
804 2140 833 2200 Β
857 2136 951 2200 cordo
975 2136 1015 2200 ad
1038 2138 1107 2198 ΚΛ

94 2227 285 2306 adcidentes'
302 2264 360 2326 per
382 2246 504 2325 puncta
527 2246 562 2326 Γ,
582 2247 616 2306 Δ
639 2242 744 2307 ituros
768 2265 847 2307 esse.
892 2243 940 2307 ita
963 2242 1049 2308 enim
1072 2242 1108 2305 in

94 2348 261 2434 triangulo
280 2353 595 2414 BAAKFBrecta
613 2353 681 2413 ΚΛ
704 2349 808 2414 maior
827 2353 912 2413 esset
930 2353 1019 2414 recta
1039 2351 1106 2412 ΓΛ.

95 2460 131 2519 at
150 2454 387 2539 supposuimus,
407 2477 461 2520 eas
481 2456 631 2540 aequales
651 2479 730 2520 esse.
765 2456 876 2541 itaque
892 2459 953 2520 ΓΛ
972 2478 990 2518 a
1006 2454 1107 2538 pluri-

94 2561 157 2625 bus
190 2561 288 2625 radiis
321 2561 465 2626 cernitur
498 2585 591 2647 quam
626 2566 701 2626 KA.
755 2583 839 2647 ergo
874 2561 948 2646 [def.
974 2561 1012 2645 7]
1046 2565 1107 2626 ΓΛ

94 2667 213 2733 clarius
239 2669 372 2752 adparet
396 2691 493 2752 quam
515 2673 591 2733 KA.

589 2813 618 2876 3.

165 2914 295 3002 Omnia,
331 2939 412 3000 quae
450 2920 640 3002 cernuntur,
675 2917 913 3004 longItudinem
946 2919 1106 3001 quandam

95 3020 272 3085 distantiae
294 3021 426 3107 habent,
449 3022 505 3086 ubi
529 3045 603 3087 curn
624 3024 734 3108 posita
758 3028 843 3110 sunt,
864 3046 931 3089 non
953 3024 1020 3089 iam
1044 3046 1108 3089 cer-

95 3132 227 3191 nuntur.

95 3266 149 3334 τήν
167 3286 202 3321 m.
221 3283 275 3322 rec.
295 3268 328 3336 V,
347 3267 382 3321 τά
401 3286 426 3322 v.
486 3269 534 3339 ὡς]
554 3268 608 3322 del.
627 3287 663 3323 m.
683 3285 736 3324 rec.
755 3270 788 3323 V.
866 3276 908 3324 21.
930 3275 1067 3325 ΒΔΛΚΓ
1080 3291 1108 3340 p,

96 3341 127 3392 et
145 3357 171 3408 v,
192 3340 240 3393 sed
258 3342 323 3408 post
343 3343 370 3392 Γ
384 3356 437 3392 ras.
459 3344 472 3391 1
493 3339 547 3394 litt.
628 3345 670 3393 22.
691 3340 739 3411 ἄν]
758 3341 812 3395 del.
831 3359 866 3394 m.
887 3358 940 3396 rec.
959 3342 992 3395 V.
1066 3349 1107 3397 27.

96 3409 136 3498 τι]
155 3429 171 3463 τ
190 3427 246 3479 seq.
266 3428 319 3465 ras.
339 3416 352 3463 1
373 3410 428 3465 litt.
448 3428 473 3464 v.
565 3417 606 3466 28.
627 3407 672 3482 od]
694 3411 724 3466 ἐν
743 3404 764 3483 ᾧ
782 3431 817 3466 m.
838 3429 890 3466 rec.
910 3413 943 3467 V.
1030 3433 1108 3485 γενο-

97 3501 185 3549 μενου
203 3501 222 3551 p
241 3485 270 3536 et
289 3498 356 3536 corr.
371 3500 407 3538 m.
427 3498 479 3536 rec.
500 3481 530 3535 in
548 3482 700 3553 γενόμενον
719 3483 776 3538 Vr.
