2424 3944
143 184 193 238 XL
512 182 789 235 PROLEGOMENA.

215 343 294 396 prop.
310 332 357 381 26:
383 323 413 378 Si
430 321 522 376 maius
541 322 679 376 diametro
697 321 784 377 fuerit
801 323 986 379 interstitium
1004 323 1160 394 uisionum,

143 405 289 461 uidebitur
306 403 399 458 medio
418 418 497 473 spere
515 403 606 456 maius
625 403 665 472 (0,
684 419 734 457 om.
757 404 804 473 Τ).

215 502 293 555 prop.
313 487 361 538 282
388 482 543 537 Medietate
561 482 654 535 minus
669 483 759 552 aspici
775 485 810 537 de
824 484 974 554 columpna
988 484 1029 553 (0,
1043 500 1095 538 cm.
1109 484 1160 553 T).

215 581 293 634 prop.
310 568 356 618 29:
376 562 457 628 Quod
471 580 488 617 a
502 562 701 632 propinquiore
715 564 750 617 de
764 563 915 633 columpna
927 563 1050 619 rotunda
1064 562 1158 617 minus

144 642 334 699 essentialiter
352 643 483 711 cernitur,
501 642 593 696 maius
611 645 655 696 est
673 646 841 712 apparenter
860 645 932 714 (LO,
951 662 1001 700 om.
1020 645 1066 714 Τ).

214 741 293 795 prop.
318 729 365 778 30:
401 721 551 776 Piramidis
578 722 716 776 medietas
746 725 866 779 rotunde
893 741 950 779 non
978 723 1093 778 uidetur
1120 723 1160 777 ab

145 806 226 860 oculo
246 821 329 874 super
347 804 469 858 ebadum
486 802 564 857 basis
583 802 721 857 collocato
740 805 785 874 (L,
805 821 858 859 cm.
873 806 921 875 Τ).

217 884 304 939 aliam
322 901 417 937 rursus
436 882 627 937 recensionem
646 882 789 939 continere
812 884 925 939 uidetur
947 885 1008 940 cod.
1027 884 1157 939 Ambros.

144 965 167 1018 P
181 970 214 1017 21
231 981 290 1033 sup.
306 979 378 1017 saec.
389 962 466 1030 xiv,
485 962 538 1016 inc.
553 962 650 1016 radius
664 964 808 1032 egreditur
822 965 858 1018 ab
873 965 954 1019 oculo
969 980 1052 1035 super
1066 964 1160 1018 lineas

145 1043 268 1112 equales,
289 1041 489 1098 des.fol.133:
511 1058 545 1095 ex
562 1041 625 1096 loco
644 1042 722 1096 uisus
741 1042 779 1096 ad
798 1046 924 1097 centrum
942 1041 1041 1097 circuli
1060 1058 1160 1097 secun·

145 1125 213 1177 dum
231 1122 458 1192 dispositionem,
482 1139 567 1190 quam
586 1121 715 1175 diximus.
754 1125 783 1175 et
800 1122 854 1176 hoc
873 1125 928 1193 est,
947 1121 1024 1191 quod
1042 1122 1160 1176 demon·

146 1205 236 1258 strare
250 1202 399 1257 noluimus.
428 1201 545 1271 explicit
562 1201 635 1256 liber
653 1202 688 1255 de
707 1201 868 1271 aspectibus
883 1201 1008 1256 Euclidis
1026 1200 1157 1256 feliciter.

145 1283 246 1337 titulus
271 1286 327 1338 est:
355 1282 428 1336 liber
450 1282 485 1336 de
509 1281 669 1350 aspectibus
693 1283 722 1335 et
744 1281 865 1351 speculis
884 1281 1022 1352 Euclidis,
1046 1298 1111 1335 cum
1128 1281 1160 1334 in

145 1363 246 1417 ceteris
277 1362 421 1417 codicibus
449 1361 507 1416 fere
534 1361 704 1415 inscribatur
731 1362 766 1415 de
789 1361 860 1416 uisu.
905 1378 983 1432 prop.
1008 1366 1036 1416 9:
1070 1361 1160 1430 figure

146 1442 301 1513 ortogonie,
321 1459 384 1496 cum
402 1441 577 1511 aspiciuntur
595 1441 723 1510 alonge,
742 1440 875 1495 uidentur
894 1441 1039 1496 rotundae.

218 1522 296 1588 Quae
313 1521 431 1576 Uitellio
454 1522 485 1575 in
508 1520 581 1576 libro
600 1521 639 1576 IV
658 1538 721 1574 cum
739 1520 856 1574 Euclide
880 1520 1039 1575 communia
1061 1521 1159 1590 habet,

144 1618 236 1671 neque
252 1601 282 1656 in
296 1601 535 1672 propositionibus
549 1618 601 1656 neo
615 1601 705 1655 multo
719 1601 811 1654 minus
825 1601 856 1654 in
870 1599 1161 1656 demonstrationibus

146 1682 184 1737 ad
210 1681 328 1736 uerbum
360 1699 424 1735 cum
454 1681 514 1736 ulla
546 1682 647 1735 harum
678 1681 944 1751 interpretationum
969 1681 1159 1735 consentiunt.

144 1764 271 1833 Rogatus
290 1779 357 1816 uero
371 1762 447 1816 Baco
466 1760 638 1832 exemplaria
654 1761 744 1830 nouit,
763 1760 813 1815 ubi
828 1763 947 1829 utraque
961 1759 1162 1830 interpretatio

146 1841 296 1896 coniuncta
315 1843 388 1910 erat3
413 1859 439 1896 u.
461 1840 510 1911 Op.
530 1842 620 1895 maius
639 1860 666 1912 p.
686 1847 738 1894 246
757 1844 801 1911 (==
815 1839 996 1911 Perspectiua
1015 1839 1057 1895 ed.
1078 1839 1160 1895 Com·

145 1920 219 1974 bach
232 1939 259 1990 p.
277 1923 351 1990 115):
370 1922 400 1973 in
414 1920 487 1975 libro
506 1921 541 1975 de
559 1921 623 1975 uisu
642 1921 695 1974 hoc
713 1920 790 1974 idem
807 1920 871 1974 uult
885 1923 990 1989 auctor,
1010 1937 1075 1974 cum
1088 1919 1162 1974 dicit

146 1999 176 2052 in
194 1999 220 2052 X
238 1999 444 2069 propositione:
462 2000 644 2072 rectangulae
662 1999 873 2070 magnitudines
893 2016 908 2055 e
927 1999 1066 2055 distantia
1080 1998 1161 2053 uisae

145 2078 322 2148 peripheriae
341 2082 479 2149 apparent
497 2082 535 2152 [p.
552 2086 594 2149 17,
610 2083 646 2153 5].
687 2081 736 2135 sed
762 2080 829 2148 quia
851 2080 1033 2151 rectangulae
1051 2080 1160 2150 figurae

146 2157 308 2212 huiusmodi
326 2175 383 2212 non
400 2162 519 2228 possunt
537 2175 598 2214 esse
615 2160 671 2214 nisi
692 2160 891 2231 aequilaterae,
909 2160 973 2215 ideo
992 2160 1051 2215 alia
1066 2163 1158 2214 trans·

146 2236 218 2291 latio
246 2237 405 2308 subiungit:
434 2240 573 2308 quadrata
600 2257 650 2310 per
677 2241 844 2295 distantiam
871 2243 1009 2311 apparent
1035 2240 1163 2294 rotunda

150 2317 188 2388 [u.
207 2335 234 2386 p.
249 2316 410 2390 numm.
448 2318 496 2374 cfr.
515 2318 553 2375 ib.
572 2338 599 2389 p.
619 2326 671 2375 246
691 2324 735 2391 (=
748 2340 775 2391 p.
797 2327 847 2374 116
867 2321 1031 2390 Combaoh):
1059 2322 1161 2374 auctor

149 2397 216 2451 libri
235 2397 269 2452 de
283 2398 347 2452 uisu
366 2400 491 2454 etmulti
504 2400 703 2470 aestimabant,
722 2400 946 2471 magnitudinem
960 2399 1162 2469 comprehendi

148 2495 199 2548 per
217 2479 406 2547 quantitatem
424 2480 521 2550 anguli
540 2480 616 2550 apud
635 2480 759 2549 oculum,
782 2480 857 2534 unde
875 2480 906 2535 in
922 2479 1062 2550 principio
1081 2478 1162 2533 illius

148 2557 215 2612 libri
234 2559 408 2630 supponitur,
427 2562 503 2629 quod
521 2561 584 2616 uisa
598 2561 650 2614 sub
664 2559 765 2614 maiori
780 2561 884 2630 angulo
899 2562 1036 2631 apparent
1050 2559 1162 2614 maiora

148 2641 178 2692 et
196 2639 248 2692 sub
267 2639 368 2694 minori
386 2640 503 2710 minora,
524 2645 553 2696 et
571 2642 622 2696 sub
640 2640 806 2708 aequalibus
821 2640 932 2710 angulis
946 2640 1009 2694 uisa
1023 2655 1160 2709 apparere

148 2717 280 2786 aequalia
303 2721 341 2791 [p.
362 2725 391 2789 3,
411 2723 499 2792 6sq.].
540 2721 678 2775 Iohannes
696 2720 839 2774 Peckham
858 2719 1065 2791 (Perspectiuae
1084 2736 1161 2774 com-

147 2797 240 2852 munis
259 2797 325 2852 libri
343 2803 408 2855 tres.
430 2800 524 2855 Colon.
546 2804 625 2871 1592)
645 2799 736 2854 altera
754 2800 986 2869 interpretatione
1006 2799 1108 2867 utitur3
1132 2817 1159 2853 u.

146 2877 168 2946 I,
183 2883 218 2931 39
236 2895 293 2933 ιιοιι
308 2880 359 2933 sub
374 2896 540 2948 quocunque
554 2880 659 2951 angulo
673 2896 732 2933 rem
745 2879 836 2933 uideri
850 2881 888 2952 [p.
904 2886 928 2950 3,
945 2882 1005 2951 14];
1024 2878 1073 2933 cfr.
1087 2879 1109 2948 I,
1125 2883 1161 2933 38

148 2957 183 3011 de
197 2958 250 3011 hac
265 2958 433 3012 certitudine
447 2959 572 3027 loquitur
580 2959 711 3013 Euclides
722 2959 757 3013 de
771 2959 842 3029 uisu,
858 2977 921 3014 cum
929 2959 1034 3028 inquit:
1048 2957 1162 3012 nullum

147 3036 262 3091 uisibile
281 3038 364 3092 simul
383 3041 475 3092 totum
493 3038 596 3108 uideri,
617 3039 666 3093 sed
683 3056 734 3108 per
750 3039 976 3094 immutationem
993 3038 1159 3109 pyramidis.

218 3118 272 3171 Per
294 3120 387 3172 totum
410 3117 498 3188 igitur
519 3118 643 3173 medium
666 3136 768 3173 aeuum
787 3119 847 3174 sola
867 3119 968 3190 Optica
986 3119 1111 3189 genuina
1130 3119 1160 3171 in

136 3196 278 3250 'manibus
296 3197 442 3251 hominum
466 3200 558 3267 erant3
585 3215 651 3251 nam
674 3193 746 3267 quae
764 3199 930 3254 Uincentius
949 3199 1161 3254 Bellouacensis

148 3275 227 3343 Spec.
246 3277 304 3330 nat.
324 3275 409 3345 XXV,
427 3281 462 3330 45
484 3276 572 3331 habet
589 3278 759 3347 praefationi
777 3279 899 3334 Theonis
919 3278 1119 3350 consimilia'),
1144 3296 1160 3334 e

219 3443 243 3512 *)
262 3446 292 3497 et
310 3460 345 3497 ex
362 3444 415 3498 hoc
434 3445 578 3500 concludit
595 3446 739 3517 Euclides,
759 3449 835 3516 quod
853 3448 981 3502 uidemus
999 3465 1050 3518 per
1067 3447 1162 3503 lineas

148 3514 187 3568 ab
207 3514 288 3569 oculo
306 3514 490 3586 egredientes,
509 3516 643 3572 uidelicet
660 3535 711 3587 per
728 3518 909 3589 triangulum,
929 3519 1008 3572 cuius
1021 3519 1099 3573 basis
1117 3523 1164 3574 est
