2424 3944
301 138 510 190 omroouuu
528 138 704 190 aucausro
723 139 888 191 rnnoms.
1032 135 1096 200 217

569 300 619 364 38.

162 402 196 469 si
215 406 404 490 magnitudo
424 406 464 470 ad
481 406 615 489 planum
636 406 805 471 subiacens
824 406 1098 491 perpendicularis

88 511 240 576 sublimis
264 517 372 577 erecta
395 517 457 598 est,
485 517 517 576 et
541 513 653 577 oculus
676 513 711 577 in
735 512 842 597 aliquo
865 517 986 597 puncto
1009 513 1099 597 plani

88 619 238 704 ponitur,
265 618 455 704 magnitudo
484 624 606 704 autem,
634 641 715 702 quae
741 619 896 704 semitm,
923 619 1099 683 secundum

88 724 252 791 ambitum
278 723 389 788 circuli
416 729 580 810 mouetur,
609 725 798 811 magnitudo
804 777 813 810 ‚
841 747 921 808 quae
949 725 1100 811 cernitur,

90 853 220 915 semper
243 831 386 914 aequalis
411 835 567 896 cernetur.

159 942 308 1003 cernatur
336 938 527 1024 magnitudo
556 938 663 1022 aliqua
691 942 757 1003 AB
789 937 887 1023 plano
920 938 1098 1022 sublimior,

90 1045 205 1110 oculus
238 1049 344 1108 autem
379 1046 422 1109 sit
450 1047 490 1131 Γ,
523 1045 722 1128 duceturque
750 1048 826 1131 ΓΒ,
857 1049 890 1109 et
923 1049 1033 1110 centro
1062 1047 1099 1130 Γ,

586 1152 676 1216 radio
714 1157 823 1217 autem
861 1155 922 1216 ΓΒ
960 1151 1099 1216 circulus

142 1244 174 1299 A
586 1259 786 1323 describatur
800 1263 871 1324 ΒΔ.
896 1259 977 1344 dico,
991 1259 1019 1323 si
1032 1263 1098 1323 AB

584 1388 643 1449 per
662 1365 821 1430 ambitum
841 1365 952 1429 circuli
971 1387 1100 1430 mouea-

586 1477 653 1558 tur,
681 1493 807 1555 semper
835 1494 906 1536 eam
933 1471 1099 1555 aequalem

587 1581 657 1643 εΓ
676 1578 769 1643 oculo
792 1577 887 1642 cerni.
923 1600 1000 1642 nam
1023 1599 1100 1662 quo-

509 1669 534 1736 ᾸῙ
585 1685 674 1749 niam
715 1689 785 1749 AB
827 1683 1099 1769 perpendicularis

588 1796 638 1856 est
661 1796 694 1856 et
718 1792 758 1856 ad
776 1795 844 1857 ΒΓ
861 1791 1016 1877 angulum
1035 1813 1101 1855 rec-

586 1903 658 1963 tum
690 1898 803 1984 efficit,
841 1921 951 1963 omnes
984 1902 1100 1981 rectae,

587 2028 668 2090 quae
692 2028 711 2069 a
730 2008 763 2069 Γ
781 2010 891 2071 centro
915 2007 955 2070 ad
978 2004 1100 2091 magni-

586 2112 732 2177 tudinem
744 2118 776 2177 A
781 2117 809 2177 Β
825 2112 987 2198 adcidunt,
1002 2133 1101 2197 angu-

87 2221 141 2285 los
171 2219 257 2283 inter
285 2240 318 2282 se
347 2219 496 2302 aequales
525 2218 678 2284 efficiunt.
729 2241 807 2305 ergo
836 2220 923 2303 quod
951 2219 1100 2304 semitm,

89 2325 224 2409 aequale
248 2329 404 2390 cernetur.
447 2325 597 2390 similiter
620 2327 719 2391 etiam
742 2327 770 2390 si
792 2349 811 2390 a
830 2329 863 2391 Γ
881 2331 991 2391 centro
1011 2329 1101 2389 recta

89 2431 240 2496 sublimis
265 2431 415 2517 erigitur,
444 2436 476 2496 et
498 2432 533 2496 in
557 2455 595 2496 ea
619 2433 730 2498 oculus
753 2433 887 2517 ponitur
915 2432 955 2495 ad
978 2431 1101 2516 magni-

89 2537 247 2624 tudinem,
270 2560 352 2622 quae
376 2538 528 2624 cernitur,
551 2539 714 2623 positione
736 2538 892 2623 parallelo
916 2537 1099 2621 collocatus,

89 2649 125 2708 et
149 2644 339 2730 magnitudo
363 2649 523 2730 mouetur,
549 2646 636 2728 quod
657 2645 795 2729 uidetur,
819 2667 945 2728 semper
968 2642 1099 2727 aequale

90 2751 233 2836 adparet.

571 2841 622 2904 39.

160 2944 218 3010 sin
241 2946 328 3030 quod
351 2947 503 3032 cernitur,
526 2946 566 3010 ad
588 2946 722 3030 planum
745 2945 913 3011 subiacens
932 2945 1101 3030 perpendi-

90 3052 200 3118 culare
228 3056 291 3137 est,
325 3053 501 3136 oculusque
529 3075 586 3136 per
616 3052 775 3116 ambitum
803 3052 915 3117 circuli
943 3056 1102 3136 mouetur,

91 3159 180 3242 quod
203 3158 360 3242 cernitur,
384 3181 510 3243 semper
533 3159 664 3242 aequale
688 3159 863 3242 adparebit.

160 3269 311 3328 cernatur
334 3269 401 3329 AB
426 3265 563 3329 sublime
586 3264 731 3348 positum
755 3268 787 3329 et
811 3266 851 3329 ad
872 3265 1006 3348 planum
1029 3265 1103 3330 sub-

128 3427 171 3475 21.
189 3421 259 3475 Post
277 3418 458 3491 περιφερείας
477 3421 540 3476 add.
560 3398 677 3491 κέντριν
698 3421 811 3492 ἔχοντος
828 3421 859 3476 τὸ
880 3431 1007 3493 σημεῖον,
1028 3423 1098 3480 καθ’

91 3489 107 3547 ὃ
126 3491 275 3564 συμβάλλει
292 3492 323 3547 τὸ
344 3490 463 3562 μέγεθος
481 3498 519 3565 τῷ
539 3491 663 3566 ἐπιπέδῳ
682 3512 708 3562 p.
