<?xml version="1.0" encoding="UTF-8"?>
<!DOCTYPE html PUBLIC "-//W3C//DTD XHTML 1.0 Transitional//EN"
    "http://www.w3.org/TR/xhtml1/DTD/xhtml1-transitional.dtd">
<html xmlns="http://www.w3.org/1999/xhtml" xml:lang="en" lang="en">
 <head>
  <title>
</title>
<meta http-equiv="Content-Type" content="text/html;charset=utf-8" />
  <meta name='ocr-system' content='tesseract 3.04.00' />
  <meta name='ocr-capabilities' content='ocr_page ocr_carea ocr_par ocr_line ocrx_word'/>
</head>
<body>
  <div class='ocr_page' id='page_1' title='image "./euclidisoperaom01unkngoog_0087.png"; bbox 0 0 2424 3944; ppageno 0'>
   <div class='ocr_carea' id='block_1_1' title="bbox 145 159 811 224">
    <p class='ocr_par' dir='ltr' id='par_1_1' title="bbox 145 159 811 224">
     <span class='ocr_line' id='line_1_1' title="bbox 145 159 811 224; baseline 0 -11"><span class='ocrx_word' id='word_1_1' title='bbox 145 159 189 224; x_wconf 82' lang='grc'><strong><em>24</em></strong></span> <span class='ocrx_word' id='word_1_2' title='bbox 484 162 654 214; x_wconf 80' lang='lat' dir='ltr'>EUGLIDIS</span> <span class='ocrx_word' id='word_1_3' title='bbox 674 161 811 214; x_wconf 79' lang='lat' dir='ltr'>OPTIOA.</span> 
     </span>
    </p>
   </div>
   <div class='ocr_carea' id='block_1_2' title="bbox 108 303 1162 1242">
    <p class='ocr_par' dir='ltr' id='par_1_2' title="bbox 144 303 1159 710">
     <span class='ocr_line' id='line_1_2' title="bbox 144 303 1159 392; baseline 0 -21"><span class='ocrx_word' id='word_1_4' title='bbox 144 306 292 391; x_wconf 81' lang='grc' dir='ltr'><strong><em>ὕπερθεν</em></strong></span> <span class='ocrx_word' id='word_1_5' title='bbox 324 309 477 391; x_wconf 87' lang='grc' dir='ltr'><strong><em>φαίνεται</em></strong></span> <span class='ocrx_word' id='word_1_6' title='bbox 509 314 554 392; x_wconf 75' lang='grc' dir='ltr'><strong><em>τῷ</em></strong></span> <span class='ocrx_word' id='word_1_7' title='bbox 585 311 617 369; x_wconf 91' lang='lat' dir='ltr'><em>A</em></span> <span class='ocrx_word' id='word_1_8' title='bbox 623 310 651 368; x_wconf 93' lang='lat' dir='ltr'>Z</span> <span class='ocrx_word' id='word_1_9' title='bbox 682 303 824 389; x_wconf 76' lang='grc' dir='ltr'><em>μεγέθει.</em></span> <span class='ocrx_word' id='word_1_10' title='bbox 879 307 1087 389; x_wconf 87' lang='grc' dir='ltr'><strong><em>μετακείσθω</em></strong></span> <span class='ocrx_word' id='word_1_11' title='bbox 1120 308 1159 371; x_wconf 85' lang='grc' dir='ltr'><strong><em>τὸ</em></strong></span> 
     </span>
     <span class='ocr_line' id='line_1_3' title="bbox 145 407 1157 498; baseline 0 -20"><span class='ocrx_word' id='word_1_12' title='bbox 145 415 232 498; x_wconf 97' lang='grc' dir='ltr'><strong><em>ὄμμα</em></strong></span> <span class='ocrx_word' id='word_1_13' title='bbox 262 412 423 497; x_wconf 80' lang='grc' dir='ltr'><strong><em>ἐγγυτέρω</em></strong></span> <span class='ocrx_word' id='word_1_14' title='bbox 449 410 505 476; x_wconf 80' lang='grc' dir='ltr'><strong><em>καὶ</em></strong></span> <span class='ocrx_word' id='word_1_15' title='bbox 533 415 615 477; x_wconf 88' lang='grc' dir='ltr'><strong><em>έστω</em></strong></span> <span class='ocrx_word' id='word_1_16' title='bbox 643 413 680 475; x_wconf 90' lang='grc' dir='ltr'><strong><em>τὸ</em></strong></span> <span class='ocrx_word' id='word_1_17' title='bbox 703 414 754 495; x_wconf 92' lang='grc' dir='ltr'><strong><em>Η,</em></strong></span> <span class='ocrx_word' id='word_1_18' title='bbox 781 409 840 495; x_wconf 85' lang='grc' dir='ltr'><strong><em>ἀφ’</em></strong></span> <span class='ocrx_word' id='word_1_19' title='bbox 862 407 902 476; x_wconf 83' lang='grc' dir='ltr'><strong><em>οὗ</em></strong></span> <span class='ocrx_word' id='word_1_20' title='bbox 926 409 1157 495; x_wconf 81' lang='grc' dir='ltr'><strong><em>προσπιπτέτω</em></strong></span> 
     </span>
     <span class='ocr_line' id='line_1_4' title="bbox 145 514 1159 604; baseline -0.002 -19"><span class='ocrx_word' id='word_1_21' title='bbox 145 519 237 596; x_wconf 80' lang='grc' dir='ltr'><strong><em>ἀκτὶς</em></strong></span> <span class='ocrx_word' id='word_1_22' title='bbox 260 520 315 583; x_wconf 80' lang='grc' dir='ltr'><strong><em>διὰ</em></strong></span> <span class='ocrx_word' id='word_1_23' title='bbox 337 528 397 583; x_wconf 89' lang='grc' dir='ltr'><strong><em>τοῦ</em></strong></span> <span class='ocrx_word' id='word_1_24' title='bbox 421 523 454 583; x_wconf 90' lang='grc' dir='ltr'><em>Γ</em></span> <span class='ocrx_word' id='word_1_25' title='bbox 475 519 495 601; x_wconf 81' lang='grc' dir='ltr'><em>ἡ</em></span> <span class='ocrx_word' id='word_1_26' title='bbox 518 523 558 582; x_wconf 90' lang='grc' dir='ltr'><em>Η</em></span> <span class='ocrx_word' id='word_1_27' title='bbox 562 523 598 583; x_wconf 93' lang='grc' dir='ltr'><strong><em>Θ.</em></strong></span> <span class='ocrx_word' id='word_1_28' title='bbox 649 516 718 582; x_wconf 76' lang='grc' dir='ltr'><strong><em>ἐπεὶ</em></strong></span> <span class='ocrx_word' id='word_1_29' title='bbox 746 514 808 584; x_wconf 82' lang='grc' dir='ltr'><strong><em>οὖν</em></strong></span> <span class='ocrx_word' id='word_1_30' title='bbox 835 517 900 583; x_wconf 84' lang='grc' dir='ltr'><strong><em>ὑπὸ</em></strong></span> <span class='ocrx_word' id='word_1_31' title='bbox 928 528 988 582; x_wconf 88' lang='grc' dir='ltr'><strong><em>τοῦ</em></strong></span> <span class='ocrx_word' id='word_1_32' title='bbox 1012 521 1159 604; x_wconf 78' lang='grc' dir='ltr'><strong>ὄμματος</strong></span> 
     </span>
     <span class='ocr_line' id='line_1_5' title="bbox 144 623 1159 710; baseline -0.001 -19"><span class='ocrx_word' id='word_1_33' title='bbox 144 625 200 692; x_wconf 81' lang='grc' dir='ltr'><strong><em>καὶ</em></strong></span> <span class='ocrx_word' id='word_1_34' title='bbox 223 635 280 709; x_wconf 80' lang='grc' dir='ltr'><strong><em>τῆς</em></strong></span> <span class='ocrx_word' id='word_1_35' title='bbox 301 629 373 689; x_wconf 90' lang='grc' dir='ltr'><strong><em>ΗΘ</em></strong></span> <span class='ocrx_word' id='word_1_36' title='bbox 396 624 528 702; x_wconf 76' lang='grc' dir='ltr'><em>ἀκτῖνος</em></span> <span class='ocrx_word' id='word_1_37' title='bbox 550 627 703 709; x_wconf 86' lang='grc' dir='ltr'><strong><em>φαίνεται</em></strong></span> <span class='ocrx_word' id='word_1_38' title='bbox 726 625 763 689; x_wconf 88' lang='grc' dir='ltr'><strong><em>τὸ</em></strong></span> <span class='ocrx_word' id='word_1_39' title='bbox 788 628 849 689; x_wconf 86' lang='grc' dir='ltr'><strong><em>ΓΔ</em></strong></span> <span class='ocrx_word' id='word_1_40' title='bbox 871 623 926 689; x_wconf 80' lang='grc' dir='ltr'><strong><em>καὶ</em></strong></span> <span class='ocrx_word' id='word_1_41' title='bbox 950 626 987 689; x_wconf 91' lang='grc' dir='ltr'><strong><em>τὸ</em></strong></span> <span class='ocrx_word' id='word_1_42' title='bbox 1014 629 1092 710; x_wconf 93' lang='grc' dir='ltr'><strong><em>ΘΒ,</em></strong></span> <span class='ocrx_word' id='word_1_43' title='bbox 1120 627 1159 690; x_wconf 89' lang='grc' dir='ltr'><strong><em>τὸ</em></strong></span> 
     </span>
    </p>

    <p class='ocr_par' dir='ltr' id='par_1_3' title="bbox 108 730 1162 1242">
     <span class='ocr_line' id='line_1_6' title="bbox 108 730 1158 819; baseline 0 -23"><span class='ocrx_word' id='word_1_44' title='bbox 108 748 125 796; x_wconf 86' lang='lat'>5</span> <span class='ocrx_word' id='word_1_45' title='bbox 144 737 210 797; x_wconf 88' lang='lat' dir='ltr'><strong><em>AB</em></strong></span> <span class='ocrx_word' id='word_1_46' title='bbox 233 734 297 817; x_wconf 86' lang='grc' dir='ltr'><strong><em>ἀρα</em></strong></span> <span class='ocrx_word' id='word_1_47' title='bbox 320 741 380 797; x_wconf 87' lang='grc' dir='ltr'><strong><em>τοῦ</em></strong></span> <span class='ocrx_word' id='word_1_48' title='bbox 400 736 461 797; x_wconf 91' lang='grc' dir='ltr'><strong><em>ΓΔ</em></strong></span> <span class='ocrx_word' id='word_1_49' title='bbox 483 735 593 815; x_wconf 81' lang='grc' dir='ltr'><strong><em>μεῖζον</em></strong></span> <span class='ocrx_word' id='word_1_50' title='bbox 615 733 798 815; x_wconf 78' lang='grc' dir='ltr'><strong><em>φανήσεται</em></strong></span> <span class='ocrx_word' id='word_1_51' title='bbox 820 741 865 819; x_wconf 76' lang='grc' dir='ltr'><strong><em>τῷ</em></strong></span> <span class='ocrx_word' id='word_1_52' title='bbox 884 737 917 796; x_wconf 91' lang='grc' dir='ltr'><em>Α</em></span> <span class='ocrx_word' id='word_1_53' title='bbox 924 735 961 795; x_wconf 92' lang='grc' dir='ltr'><strong><em>Θ.</em></strong></span> <span class='ocrx_word' id='word_1_54' title='bbox 1003 730 1158 816; x_wconf 81' lang='grc' dir='ltr'><strong><em>έβλέπετο</em></strong></span> 
     </span>
     <span class='ocr_line' id='line_1_7' title="bbox 145 834 1158 925; baseline 0.001 -23"><span class='ocrx_word' id='word_1_55' title='bbox 145 834 182 902; x_wconf 76' lang='grc' dir='ltr'><strong><em>δέ</em></strong></span> <span class='ocrx_word' id='word_1_56' title='bbox 204 837 270 902; x_wconf 83' lang='grc' dir='ltr'><strong><em>ὑπὸ</em></strong></span> <span class='ocrx_word' id='word_1_57' title='bbox 294 846 354 902; x_wconf 86' lang='grc' dir='ltr'><strong><em>τοῦ</em></strong></span> <span class='ocrx_word' id='word_1_58' title='bbox 376 843 408 902; x_wconf 88' lang='grc' dir='ltr'><em>Ε</em></span> <span class='ocrx_word' id='word_1_59' title='bbox 433 847 478 925; x_wconf 79' lang='grc' dir='ltr'><strong><em>τῷ</em></strong></span> <span class='ocrx_word' id='word_1_60' title='bbox 502 842 568 902; x_wconf 89' lang='grc' dir='ltr'><strong><em>ΑΖ</em></strong></span> <span class='ocrx_word' id='word_1_61' title='bbox 596 840 719 920; x_wconf 78' lang='grc' dir='ltr'><strong><em>μεῖζον,</em></strong></span> <span class='ocrx_word' id='word_1_62' title='bbox 746 841 856 921; x_wconf 80' lang='grc' dir='ltr'><strong><em>μεῖζον</em></strong></span> <span class='ocrx_word' id='word_1_63' title='bbox 879 835 916 902; x_wconf 75' lang='grc' dir='ltr'><strong><em>δὲ</em></strong></span> <span class='ocrx_word' id='word_1_64' title='bbox 938 838 976 902; x_wconf 91' lang='grc' dir='ltr'><strong><em>τὸ</em></strong></span> <span class='ocrx_word' id='word_1_65' title='bbox 1000 843 1070 902; x_wconf 90' lang='grc' dir='ltr'><strong><em>ΑΘ</em></strong></span> <span class='ocrx_word' id='word_1_66' title='bbox 1097 848 1158 903; x_wconf 91' lang='grc' dir='ltr'><strong><em>τοῦ</em></strong></span> 
     </span>
     <span class='ocr_line' id='line_1_8' title="bbox 145 941 1159 1030; baseline 0.001 -21"><span class='ocrx_word' id='word_1_67' title='bbox 145 950 177 1008; x_wconf 91' lang='lat' dir='ltr'><em>A</em></span> <span class='ocrx_word' id='word_1_68' title='bbox 183 948 219 1009; x_wconf 91' lang='lat' dir='ltr'><strong><em>Z.</em></strong></span> <span class='ocrx_word' id='word_1_69' title='bbox 255 946 453 1030; x_wconf 79' lang='grc' dir='ltr'><strong><em>προσιόντος</em></strong></span> <span class='ocrx_word' id='word_1_70' title='bbox 471 941 532 1028; x_wconf 71' lang='grc' dir='ltr'><strong><em>μὲν</em></strong></span> <span class='ocrx_word' id='word_1_71' title='bbox 550 946 614 1029; x_wconf 88' lang='grc' dir='ltr'><strong><em>ἀρα</em></strong></span> <span class='ocrx_word' id='word_1_72' title='bbox 632 952 692 1008; x_wconf 86' lang='grc' dir='ltr'><strong><em>τοῦ</em></strong></span> <span class='ocrx_word' id='word_1_73' title='bbox 711 946 855 1029; x_wconf 81' lang='grc' dir='ltr'><strong><em>ὄμματος</em></strong></span> <span class='ocrx_word' id='word_1_74' title='bbox 872 948 983 1029; x_wconf 80' lang='grc' dir='ltr'><strong><em>μεῖζον</em></strong></span> <span class='ocrx_word' id='word_1_75' title='bbox 1000 946 1038 1009; x_wconf 91' lang='grc' dir='ltr'><strong><em>τὸ</em></strong></span> <span class='ocrx_word' id='word_1_76' title='bbox 1057 945 1159 1029; x_wconf 85' lang='grc' dir='ltr'><strong><em>ὑπερ-</em></strong></span> 
     </span>
     <span class='ocr_line' id='line_1_9' title="bbox 144 1047 1162 1134; baseline 0.002 -19"><span class='ocrx_word' id='word_1_77' title='bbox 144 1051 350 1134; x_wconf 83' lang='grc' dir='ltr'><strong><em>φαινόμενον</em></strong></span> <span class='ocrx_word' id='word_1_78' title='bbox 381 1053 535 1133; x_wconf 83' lang='grc' dir='ltr'><strong><em>φαίνεται</em></strong></span> <span class='ocrx_word' id='word_1_79' title='bbox 573 1052 712 1134; x_wconf 82' lang='grc' dir='ltr'><strong><em>μείζονι,</em></strong></span> <span class='ocrx_word' id='word_1_80' title='bbox 749 1049 906 1127; x_wconf 80' lang='grc' dir='ltr'><strong><em>ἀπιόντος</em></strong></span> <span class='ocrx_word' id='word_1_81' title='bbox 938 1047 975 1115; x_wconf 77' lang='grc' dir='ltr'><strong><em>δέ</em></strong></span> <span class='ocrx_word' id='word_1_82' title='bbox 1008 1051 1162 1117; x_wconf 77' lang='grc' dir='ltr'><strong><em>ἐλάττονι</em></strong></span> 
     </span>
     <span class='ocr_line' id='line_1_10' title="bbox 145 1155 844 1242; baseline 0 -21"><span class='ocrx_word' id='word_1_83' title='bbox 145 1156 314 1241; x_wconf 86' lang='grc' dir='ltr'><strong><em>[φαίνεται</em></strong></span> <span class='ocrx_word' id='word_1_84' title='bbox 337 1157 374 1220; x_wconf 85' lang='grc' dir='ltr'><strong><em>τὸ</em></strong></span> <span class='ocrx_word' id='word_1_85' title='bbox 398 1155 687 1242; x_wconf 83' lang='grc' dir='ltr'><strong><em>ὑπερῳαινόμενον</em></strong></span> <span class='ocrx_word' id='word_1_86' title='bbox 710 1157 844 1242; x_wconf 68' lang='grc' dir='ltr'><strong><em>μεῖζον]1</em></strong></span> 
     </span>
    </p>
   </div>
   <div class='ocr_carea' id='block_1_3' title="bbox 92 1333 676 1403">
    <p class='ocr_par' dir='ltr' id='par_1_4' title="bbox 92 1333 676 1403">
     <span class='ocr_line' id='line_1_11' title="bbox 92 1333 676 1403; baseline 0 -5"><span class='ocrx_word' id='word_1_87' title='bbox 92 1350 125 1399; x_wconf 93' lang='lat'><strong><em>10</em></strong></span> <span class='ocrx_word' id='word_1_88' title='bbox 622 1333 676 1403; x_wconf 81' lang='grc' dir='ltr'><strong><em>ις’.</em></strong></span> 
     </span>
    </p>
   </div>
   <div class='ocr_carea' id='block_1_4' title="bbox 89 1455 1167 3356">
    <p class='ocr_par' dir='ltr' id='par_1_5' title="bbox 144 1455 1163 1758">
     <span class='ocr_line' id='line_1_12' title="bbox 203 1455 1163 1544; baseline 0.002 -20"><span class='ocrx_word' id='word_1_89' title='bbox 203 1456 285 1525; x_wconf 81' lang='grc' dir='ltr'><strong><em>Ὅσα</em></strong></span> <span class='ocrx_word' id='word_1_90' title='bbox 300 1457 464 1540; x_wconf 53' lang='grc' dir='ltr'><strong><em>Χἀλάηίῖων</em></strong></span> <span class='ocrx_word' id='word_1_91' title='bbox 490 1455 641 1543; x_wconf 78' lang='grc' dir='ltr'><strong><em>ὑπερέχει</em></strong></span> <span class='ocrx_word' id='word_1_92' title='bbox 670 1456 779 1522; x_wconf 84' lang='grc' dir='ltr'><strong><em>έπάνω</em></strong></span> <span class='ocrx_word' id='word_1_93' title='bbox 807 1467 867 1523; x_wconf 87' lang='grc' dir='ltr'><strong><em>τοῦ</em></strong></span> <span class='ocrx_word' id='word_1_94' title='bbox 891 1462 1036 1544; x_wconf 80' lang='grc' dir='ltr'><strong><em>ὄμματος</em></strong></span> <span class='ocrx_word' id='word_1_95' title='bbox 1059 1462 1163 1526; x_wconf 86' lang='grc' dir='ltr'><strong><em>ἀνισα</em></strong></span> 
     </span>
     <span class='ocr_line' id='line_1_13' title="bbox 144 1559 1162 1652; baseline 0.001 -21"><span class='ocrx_word' id='word_1_96' title='bbox 144 1565 284 1652; x_wconf 89' lang='grc' dir='ltr'><strong><em>μεγέθη,</em></strong></span> <span class='ocrx_word' id='word_1_97' title='bbox 311 1566 509 1649; x_wconf 86' lang='grc' dir='ltr'><strong><em>προσιόντος</em></strong></span> <span class='ocrx_word' id='word_1_98' title='bbox 533 1559 594 1647; x_wconf 75' lang='grc' dir='ltr'><strong><em>μέν</em></strong></span> <span class='ocrx_word' id='word_1_99' title='bbox 616 1572 676 1628; x_wconf 87' lang='grc' dir='ltr'><strong><em>τοῦ</em></strong></span> <span class='ocrx_word' id='word_1_100' title='bbox 700 1566 845 1647; x_wconf 80' lang='grc' dir='ltr'><strong><em>ὄμματος</em></strong></span> <span class='ocrx_word' id='word_1_101' title='bbox 868 1563 1023 1630; x_wconf 76' lang='grc' dir='ltr'><strong><em>ἐλάσσονι</em></strong></span> <span class='ocrx_word' id='word_1_102' title='bbox 1046 1570 1162 1650; x_wconf 81' lang='grc' dir='ltr'><strong><em>μεῖζον</em></strong></span> 
     </span>
     <span class='ocr_line' id='line_1_14' title="bbox 144 1668 1076 1758; baseline 0 -20"><span class='ocrx_word' id='word_1_103' title='bbox 144 1676 297 1758; x_wconf 85' lang='grc' dir='ltr'><strong><em>φαίνεται</em></strong></span> <span class='ocrx_word' id='word_1_104' title='bbox 321 1673 357 1736; x_wconf 89' lang='grc' dir='ltr'><strong><em>τὸ</em></strong></span> <span class='ocrx_word' id='word_1_105' title='bbox 380 1670 680 1755; x_wconf 86' lang='grc' dir='ltr'><strong><em>ὑπερφαινόμενον,</em></strong></span> <span class='ocrx_word' id='word_1_106' title='bbox 704 1669 860 1747; x_wconf 83' lang='grc' dir='ltr'><strong><em>ἀπιόντος</em></strong></span> <span class='ocrx_word' id='word_1_107' title='bbox 883 1668 919 1735; x_wconf 74' lang='grc' dir='ltr'><strong><em>δὲ</em></strong></span> <span class='ocrx_word' id='word_1_108' title='bbox 942 1675 1076 1756; x_wconf 82' lang='grc' dir='ltr'><strong><em>μείζονι.</em></strong></span> 
     </span>
    </p>

    <p class='ocr_par' dir='ltr' id='par_1_6' title="bbox 211 1773 1162 1862">
     <span class='ocr_line' id='line_1_15' title="bbox 211 1773 1162 1862; baseline 0.001 -18"><span class='ocrx_word' id='word_1_109' title='bbox 211 1783 292 1844; x_wconf 88' lang='grc' dir='ltr'><strong><em>έστω</em></strong></span> <span class='ocrx_word' id='word_1_110' title='bbox 317 1780 415 1843; x_wconf 86' lang='grc' dir='ltr'><strong><em>ὄνισα</em></strong></span> <span class='ocrx_word' id='word_1_111' title='bbox 438 1776 562 1862; x_wconf 88' lang='grc' dir='ltr'><strong><em>μεγέθη</em></strong></span> <span class='ocrx_word' id='word_1_112' title='bbox 586 1778 626 1842; x_wconf 86' lang='grc' dir='ltr'><strong><em>τά</em></strong></span> <span class='ocrx_word' id='word_1_113' title='bbox 644 1781 721 1860; x_wconf 89' lang='grc' dir='ltr'><strong><em>ΑΒ,</em></strong></span> <span class='ocrx_word' id='word_1_114' title='bbox 741 1781 811 1860; x_wconf 85' lang='grc' dir='ltr'><strong><em>ΓΛ,</em></strong></span> <span class='ocrx_word' id='word_1_115' title='bbox 835 1773 883 1843; x_wconf 81' lang='grc' dir='ltr'><strong><em>ὧν</em></strong></span> <span class='ocrx_word' id='word_1_116' title='bbox 901 1782 1011 1862; x_wconf 77' lang='grc' dir='ltr'><strong><em>μεῖζον</em></strong></span> <span class='ocrx_word' id='word_1_117' title='bbox 1029 1780 1067 1845; x_wconf 90' lang='grc' dir='ltr'><strong><em>τὸ</em></strong></span> <span class='ocrx_word' id='word_1_118' title='bbox 1082 1785 1115 1844; x_wconf 91' lang='grc' dir='ltr'><em>Α</em></span> <span class='ocrx_word' id='word_1_119' title='bbox 1121 1785 1162 1845; x_wconf 93' lang='grc' dir='ltr'><strong><em>Β.</em></strong></span> 
     </span>
    </p>

    <p class='ocr_par' dir='ltr' id='par_1_7' title="bbox 89 1880 1167 3356">
     <span class='ocr_line' id='line_1_16' title="bbox 90 1880 1167 1969; baseline 0.001 -19"><span class='ocrx_word' id='word_1_120' title='bbox 90 1901 124 1950; x_wconf 82' lang='lat'><strong><em>15</em></strong></span> <span class='ocrx_word' id='word_1_121' title='bbox 144 1890 226 1951; x_wconf 80' lang='grc' dir='ltr'><strong><em>ἔστω</em></strong></span> <span class='ocrx_word' id='word_1_122' title='bbox 246 1888 333 1969; x_wconf 92' lang='grc' dir='ltr'><strong><em>ὄμμα</em></strong></span> <span class='ocrx_word' id='word_1_123' title='bbox 351 1885 389 1948; x_wconf 91' lang='grc' dir='ltr'><strong><em>τὸ</em></strong></span> <span class='ocrx_word' id='word_1_124' title='bbox 408 1890 447 1966; x_wconf 88' lang='grc' dir='ltr'><strong><em>Ε,</em></strong></span> <span class='ocrx_word' id='word_1_125' title='bbox 472 1882 531 1968; x_wconf 83' lang='grc' dir='ltr'><strong><em>ἀφ’</em></strong></span> <span class='ocrx_word' id='word_1_126' title='bbox 552 1880 593 1949; x_wconf 86' lang='grc' dir='ltr'><strong><em>οὗ</em></strong></span> <span class='ocrx_word' id='word_1_127' title='bbox 615 1883 844 1969; x_wconf 85' lang='grc' dir='ltr'><strong><em>προσπιπτέτω</em></strong></span> <span class='ocrx_word' id='word_1_128' title='bbox 864 1883 956 1961; x_wconf 80' lang='grc' dir='ltr'><strong><em>ἀκτὶς</em></strong></span> <span class='ocrx_word' id='word_1_129' title='bbox 975 1886 1031 1950; x_wconf 79' lang='grc' dir='ltr'><strong><em>διὰ</em></strong></span> <span class='ocrx_word' id='word_1_130' title='bbox 1050 1895 1111 1951; x_wconf 86' lang='grc' dir='ltr'><strong><em>τοῦ</em></strong></span> <span class='ocrx_word' id='word_1_131' title='bbox 1133 1891 1167 1951; x_wconf 93' lang='grc' dir='ltr'>Γ</span> 
     </span>
     <span class='ocr_line' id='line_1_17' title="bbox 144 1986 545 2076; baseline -0.005 -20"><span class='ocrx_word' id='word_1_132' title='bbox 144 1993 260 2076; x_wconf 79' lang='grc' dir='ltr'><strong><em>ηΕΖ.</em></strong></span> <span class='ocrx_word' id='word_1_133' title='bbox 304 1988 372 2055; x_wconf 78' lang='grc' dir='ltr'><strong><em>ἐπεὶ</em></strong></span> <span class='ocrx_word' id='word_1_134' title='bbox 395 1986 457 2055; x_wconf 84' lang='grc' dir='ltr'><strong><em>οὖν</em></strong></span> <span class='ocrx_word' id='word_1_135' title='bbox 479 1989 545 2054; x_wconf 87' lang='grc' dir='ltr'><strong><em>ὑπὸ</em></strong></span> 
     </span>
     <span class='ocr_line' id='line_1_18' title="bbox 143 2083 667 2183; baseline -0.008 -20"><span class='ocrx_word' id='word_1_136' title='bbox 143 2108 202 2183; x_wconf 75' lang='grc' dir='ltr'><strong><em>τῆς</em></strong></span> <span class='ocrx_word' id='word_1_137' title='bbox 224 2102 287 2162; x_wconf 88' lang='grc' dir='ltr'><strong><em>ΕΖ</em></strong></span> <span class='ocrx_word' id='word_1_138' title='bbox 311 2096 443 2172; x_wconf 78' lang='grc' dir='ltr'><strong><em>ἀκτῖνος</em></strong></span> <span class='ocrx_word' id='word_1_139' title='bbox 466 2095 546 2160; x_wconf 92' lang='grc' dir='ltr'><strong><em>ἀπο-</em></strong></span> <span class='ocrx_word' id='word_1_140' title='bbox 655 2083 667 2118; x_wconf 50' lang='lat'><strong><em>&#39;¹</em></strong></span> 
     </span>
     <span class='ocr_line' id='line_1_19' title="bbox 144 2203 546 2290; baseline -0.012 -20"><span class='ocrx_word' id='word_1_141' title='bbox 144 2206 344 2290; x_wconf 73' lang='grc' dir='ltr'><strong><em>λαμβάνεται</em></strong></span> <span class='ocrx_word' id='word_1_142' title='bbox 384 2203 424 2267; x_wconf 83' lang='grc' dir='ltr'><strong><em>τά</em></strong></span> <span class='ocrx_word' id='word_1_143' title='bbox 469 2207 546 2286; x_wconf 91' lang='grc' dir='ltr'><strong><em>ΖΒ,</em></strong></span> 
     </span>
     <span class='ocr_line' id='line_1_20' title="bbox 145 2302 633 2397; baseline -0.012 -18"><span class='ocrx_word' id='word_1_144' title='bbox 145 2317 206 2379; x_wconf 86' lang='grc' dir='ltr'><strong><em>ΓΔ</em></strong></span> <span class='ocrx_word' id='word_1_145' title='bbox 235 2310 372 2397; x_wconf 88' lang='grc' dir='ltr'><strong><em>μεγέθη,</em></strong></span> <span class='ocrx_word' id='word_1_146' title='bbox 406 2311 445 2374; x_wconf 83' lang='grc' dir='ltr'><strong><em>τά</em></strong></span> <span class='ocrx_word' id='word_1_147' title='bbox 472 2314 546 2393; x_wconf 93' lang='grc' dir='ltr'><strong><em>ΒΖ,</em></strong></span> <span class='ocrx_word' id='word_1_148' title='bbox 605 2302 633 2358; x_wconf 66' lang='lat'><em>2</em></span> 
     </span>
     <span class='ocr_line' id='line_1_21' title="bbox 89 2416 547 2505; baseline -0.004 -23"><span class='ocrx_word' id='word_1_149' title='bbox 89 2433 125 2483; x_wconf 75' lang='lat'><strong><em>20</em></strong></span> <span class='ocrx_word' id='word_1_150' title='bbox 145 2425 206 2486; x_wconf 91' lang='grc' dir='ltr'><strong><em>ΓΔ</em></strong></span> <span class='ocrx_word' id='word_1_151' title='bbox 229 2421 292 2505; x_wconf 88' lang='grc' dir='ltr'><strong><em>ἀρα</em></strong></span> <span class='ocrx_word' id='word_1_152' title='bbox 316 2423 371 2481; x_wconf 72' lang='grc' dir='ltr'><strong><em>ἶσα</em></strong></span> <span class='ocrx_word' id='word_1_153' title='bbox 392 2416 547 2499; x_wconf 76' lang='grc' dir='ltr'><strong><em>ἀλληλοις</em></strong></span> 
     </span>
     <span class='ocr_line' id='line_1_22' title="bbox 144 2524 547 2611; baseline -0.01 -20"><span class='ocrx_word' id='word_1_154' title='bbox 144 2529 306 2611; x_wconf 87' lang='grc' dir='ltr'><strong><em>φαίνεται.</em></strong></span> <span class='ocrx_word' id='word_1_155' title='bbox 342 2524 379 2588; x_wconf 87' lang='grc' dir='ltr'><strong><em>τὸ</em></strong></span> <span class='ocrx_word' id='word_1_156' title='bbox 397 2528 463 2588; x_wconf 90' lang='grc' dir='ltr'><strong><em>ΑΒ</em></strong></span> <span class='ocrx_word' id='word_1_157' title='bbox 482 2526 547 2609; x_wconf 85' lang='grc' dir='ltr'><strong><em>ἀρα</em></strong></span> 
     </span>
     <span class='ocr_line' id='line_1_23' title="bbox 143 2633 658 2715; baseline 0 -19"><span class='ocrx_word' id='word_1_158' title='bbox 143 2641 203 2696; x_wconf 86' lang='grc' dir='ltr'><strong><em>τοῦ</em></strong></span> <span class='ocrx_word' id='word_1_159' title='bbox 232 2633 293 2695; x_wconf 86' lang='grc' dir='ltr'><strong><em>ΓΔ</em></strong></span> <span class='ocrx_word' id='word_1_160' title='bbox 328 2633 438 2715; x_wconf 79' lang='grc' dir='ltr'><strong><em>μεῖζον</em></strong></span> <span class='ocrx_word' id='word_1_161' title='bbox 470 2635 547 2715; x_wconf 86' lang='grc' dir='ltr'><strong><em>φαί-</em></strong></span> <span class='ocrx_word' id='word_1_162' title='bbox 648 2633 658 2659; x_wconf 88' lang='grc'><em>’</em></span> 
     </span>
     <span class='ocr_line' id='line_1_24' title="bbox 143 2736 547 2825; baseline -0.005 -22"><span class='ocrx_word' id='word_1_163' title='bbox 143 2761 234 2803; x_wconf 91' lang='grc' dir='ltr'><strong><em>νεται</em></strong></span> <span class='ocrx_word' id='word_1_164' title='bbox 252 2746 297 2825; x_wconf 78' lang='grc' dir='ltr'><strong><em>τῷ</em></strong></span> <span class='ocrx_word' id='word_1_165' title='bbox 317 2743 349 2801; x_wconf 91' lang='lat' dir='ltr'><em>A</em></span> <span class='ocrx_word' id='word_1_166' title='bbox 355 2742 382 2801; x_wconf 92' lang='lat' dir='ltr'>Z</span> <span class='ocrx_word' id='word_1_167' title='bbox 405 2736 547 2822; x_wconf 81' lang='grc' dir='ltr'><strong><em>μεγέθει.</em></strong></span> 
     </span>
     <span class='ocr_line' id='line_1_25' title="bbox 143 2842 1163 2931; baseline -0.001 -21"><span class='ocrx_word' id='word_1_168' title='bbox 143 2847 324 2931; x_wconf 83' lang='grc' dir='ltr'><strong><em>προσήχθω</em></strong></span> <span class='ocrx_word' id='word_1_169' title='bbox 362 2843 403 2927; x_wconf 79' lang='grc' dir='ltr'><strong><em>δὴ</em></strong></span> <span class='ocrx_word' id='word_1_170' title='bbox 441 2845 477 2908; x_wconf 90' lang='grc' dir='ltr'><strong><em>τὸ</em></strong></span> <span class='ocrx_word' id='word_1_171' title='bbox 510 2846 597 2927; x_wconf 95' lang='grc' dir='ltr'><strong><em>ὄμμα</em></strong></span> <span class='ocrx_word' id='word_1_172' title='bbox 630 2842 793 2928; x_wconf 83' lang='grc' dir='ltr'><strong><em>ἐγγυτέρω</em></strong></span> <span class='ocrx_word' id='word_1_173' title='bbox 830 2842 886 2908; x_wconf 77' lang='grc' dir='ltr'><strong><em>καὶ</em></strong></span> <span class='ocrx_word' id='word_1_174' title='bbox 918 2846 1000 2908; x_wconf 82' lang='grc' dir='ltr'><strong><em>ἔστω</em></strong></span> <span class='ocrx_word' id='word_1_175' title='bbox 1038 2846 1075 2909; x_wconf 88' lang='grc' dir='ltr'><strong><em>τὸ</em></strong></span> <span class='ocrx_word' id='word_1_176' title='bbox 1110 2850 1163 2927; x_wconf 86' lang='grc' dir='ltr'><strong><em>Η,</em></strong></span> 
     </span>
     <span class='ocr_line' id='line_1_26' title="bbox 90 2948 1162 3037; baseline 0.004 -24"><span class='ocrx_word' id='word_1_177' title='bbox 90 2965 124 3013; x_wconf 80' lang='lat'><strong><em>25</em></strong></span> <span class='ocrx_word' id='word_1_178' title='bbox 144 2951 203 3037; x_wconf 83' lang='grc' dir='ltr'><strong><em>ἀφ’</em></strong></span> <span class='ocrx_word' id='word_1_179' title='bbox 231 2948 272 3018; x_wconf 86' lang='grc' dir='ltr'><strong><em>οὗ</em></strong></span> <span class='ocrx_word' id='word_1_180' title='bbox 302 2948 532 3036; x_wconf 85' lang='grc' dir='ltr'><strong><em>προσπιπτέτω</em></strong></span> <span class='ocrx_word' id='word_1_181' title='bbox 565 2949 656 3027; x_wconf 80' lang='grc' dir='ltr'><strong><em>ἀκτὶς</em></strong></span> <span class='ocrx_word' id='word_1_182' title='bbox 684 2951 740 3014; x_wconf 80' lang='grc' dir='ltr'><strong><em>διὰ</em></strong></span> <span class='ocrx_word' id='word_1_183' title='bbox 767 2959 826 3014; x_wconf 88' lang='grc' dir='ltr'><strong><em>τοῦ</em></strong></span> <span class='ocrx_word' id='word_1_184' title='bbox 856 2954 888 3015; x_wconf 92' lang='grc' dir='ltr'>Γ</span> <span class='ocrx_word' id='word_1_185' title='bbox 914 2949 934 3032; x_wconf 83' lang='grc' dir='ltr'>ἡ</span> <span class='ocrx_word' id='word_1_186' title='bbox 961 2954 1042 3014; x_wconf 91' lang='grc' dir='ltr'><strong><em>ΗΘ.</em></strong></span> <span class='ocrx_word' id='word_1_187' title='bbox 1090 2950 1162 3017; x_wconf 82' lang='grc' dir='ltr'><strong><em>ἐπεὶ</em></strong></span> 
     </span>
     <span class='ocr_line' id='line_1_27' title="bbox 144 3055 1162 3144; baseline 0.001 -21"><span class='ocrx_word' id='word_1_188' title='bbox 144 3055 206 3125; x_wconf 87' lang='grc' dir='ltr'><strong><em>οὖν</em></strong></span> <span class='ocrx_word' id='word_1_189' title='bbox 241 3059 307 3124; x_wconf 84' lang='grc' dir='ltr'><strong><em>ὑπὸ</em></strong></span> <span class='ocrx_word' id='word_1_190' title='bbox 344 3067 402 3142; x_wconf 80' lang='grc' dir='ltr'><strong><em>τῆς</em></strong></span> <span class='ocrx_word' id='word_1_191' title='bbox 431 3061 471 3120; x_wconf 91' lang='grc' dir='ltr'><em>Η</em></span> <span class='ocrx_word' id='word_1_192' title='bbox 479 3062 508 3121; x_wconf 93' lang='grc' dir='ltr'>Θ</span> <span class='ocrx_word' id='word_1_193' title='bbox 543 3056 675 3132; x_wconf 74' lang='grc' dir='ltr'><strong><em>ἀκτῖνος</em></strong></span> <span class='ocrx_word' id='word_1_194' title='bbox 707 3056 973 3141; x_wconf 77' lang='grc' dir='ltr'><strong><em>ἀπολαμβάνεται</em></strong></span> <span class='ocrx_word' id='word_1_195' title='bbox 1005 3057 1046 3120; x_wconf 80' lang='grc' dir='ltr'><strong><em>τά</em></strong></span> <span class='ocrx_word' id='word_1_196' title='bbox 1078 3062 1108 3122; x_wconf 92' lang='grc' dir='ltr'>Β</span> <span class='ocrx_word' id='word_1_197' title='bbox 1123 3064 1162 3144; x_wconf 92' lang='grc' dir='ltr'><strong><em>Θ,</em></strong></span> 
     </span>
     <span class='ocr_line' id='line_1_28' title="bbox 146 3160 1163 3249; baseline 0 -18"><span class='ocrx_word' id='word_1_198' title='bbox 146 3170 220 3249; x_wconf 87' lang='grc' dir='ltr'><strong><em>ΓΔ,</em></strong></span> <span class='ocrx_word' id='word_1_199' title='bbox 254 3167 318 3231; x_wconf 86' lang='grc' dir='ltr'><strong><em>ὑπὸ</em></strong></span> <span class='ocrx_word' id='word_1_200' title='bbox 347 3161 384 3229; x_wconf 72' lang='grc' dir='ltr'><strong><em>δὲ</em></strong></span> <span class='ocrx_word' id='word_1_201' title='bbox 411 3173 468 3248; x_wconf 77' lang='grc' dir='ltr'><strong><em>τῆς</em></strong></span> <span class='ocrx_word' id='word_1_202' title='bbox 495 3169 558 3228; x_wconf 86' lang='grc' dir='ltr'><strong><em>ΕΖ</em></strong></span> <span class='ocrx_word' id='word_1_203' title='bbox 586 3165 626 3228; x_wconf 85' lang='grc' dir='ltr'><strong><em>τά</em></strong></span> <span class='ocrx_word' id='word_1_204' title='bbox 657 3168 732 3247; x_wconf 89' lang='grc' dir='ltr'><strong><em>ΖΒ,</em></strong></span> <span class='ocrx_word' id='word_1_205' title='bbox 757 3165 833 3246; x_wconf 88' lang='grc' dir='ltr'><strong><em>ΓΔ,</em></strong></span> <span class='ocrx_word' id='word_1_206' title='bbox 868 3166 936 3228; x_wconf 87' lang='grc' dir='ltr'><strong><em>έστι</em></strong></span> <span class='ocrx_word' id='word_1_207' title='bbox 965 3160 1002 3228; x_wconf 71' lang='grc' dir='ltr'><strong><em>δέ</em></strong></span> <span class='ocrx_word' id='word_1_208' title='bbox 1029 3165 1067 3230; x_wconf 92' lang='grc' dir='ltr'><strong><em>τὸ</em></strong></span> <span class='ocrx_word' id='word_1_209' title='bbox 1094 3171 1163 3231; x_wconf 89' lang='grc' dir='ltr'><strong><em>ΖΑ</em></strong></span> 
     </span>
     <span class='ocr_line' id='line_1_29' title="bbox 143 3266 1165 3356; baseline 0.003 -21"><span class='ocrx_word' id='word_1_210' title='bbox 143 3281 203 3335; x_wconf 86' lang='grc' dir='ltr'><strong><em>τοῦ</em></strong></span> <span class='ocrx_word' id='word_1_211' title='bbox 236 3275 307 3336; x_wconf 91' lang='grc' dir='ltr'><strong><em>ΑΘ</em></strong></span> <span class='ocrx_word' id='word_1_212' title='bbox 340 3275 467 3356; x_wconf 78' lang='grc' dir='ltr'><strong><em>μεῖζον,</em></strong></span> <span class='ocrx_word' id='word_1_213' title='bbox 504 3272 701 3356; x_wconf 88' lang='grc' dir='ltr'><strong><em>προσιόντος</em></strong></span> <span class='ocrx_word' id='word_1_214' title='bbox 733 3266 793 3354; x_wconf 73' lang='grc' dir='ltr'><strong><em>μὲν</em></strong></span> <span class='ocrx_word' id='word_1_215' title='bbox 825 3271 889 3355; x_wconf 85' lang='grc' dir='ltr'><strong><em>ἀρα</em></strong></span> <span class='ocrx_word' id='word_1_216' title='bbox 921 3278 981 3334; x_wconf 86' lang='grc' dir='ltr'><strong><em>τοῦ</em></strong></span> <span class='ocrx_word' id='word_1_217' title='bbox 1015 3273 1165 3356; x_wconf 87' lang='grc' dir='ltr'><strong><em>ὄμματος</em></strong></span> 
     </span>
    </p>
   </div>
   <div class='ocr_carea' id='block_1_5' title="bbox 143 3424 1164 3587">
    <p class='ocr_par' dir='ltr' id='par_1_8' title="bbox 143 3424 1164 3587">
     <span class='ocr_line' id='line_1_30' title="bbox 216 3424 1164 3523; baseline 0.006 -25"><span class='ocrx_word' id='word_1_218' title='bbox 216 3452 238 3500; x_wconf 94' lang='lat'><strong><em>1.</em></strong></span> <span class='ocrx_word' id='word_1_219' title='bbox 260 3442 366 3514; x_wconf 84' lang='grc' dir='ltr'><strong><em>μεγέθη</em></strong></span> <span class='ocrx_word' id='word_1_220' title='bbox 385 3463 410 3500; x_wconf 84' lang='lat' dir='ltr'><strong><em>v.</em></strong></span> <span class='ocrx_word' id='word_1_221' title='bbox 491 3450 515 3498; x_wconf 88' lang='lat'><strong><em>3.</em></strong></span> <span class='ocrx_word' id='word_1_222' title='bbox 536 3424 638 3515; x_wconf 69' lang='grc' dir='ltr'><strong><em>ὄματος</em></strong></span> <span class='ocrx_word' id='word_1_223' title='bbox 656 3462 682 3514; x_wconf 81' lang='lat' dir='ltr'><strong><em>v,</em></strong></span> <span class='ocrx_word' id='word_1_224' title='bbox 702 3448 735 3499; x_wconf 76' lang='lat' dir='ltr'><strong><em>ut</em></strong></span> <span class='ocrx_word' id='word_1_225' title='bbox 753 3461 845 3514; x_wconf 76' lang='lat' dir='ltr'><strong>saepe.</strong></span> <span class='ocrx_word' id='word_1_226' title='bbox 927 3451 952 3499; x_wconf 83' lang='lat'><strong><em>4.</em></strong></span> <span class='ocrx_word' id='word_1_227' title='bbox 971 3446 1003 3500; x_wconf 85' lang='grc' dir='ltr'><strong><em>τό</em></strong></span> <span class='ocrx_word' id='word_1_228' title='bbox 1024 3451 1074 3501; x_wconf 88' lang='grc' dir='ltr'><strong><em>ΓΔ</em></strong></span> <span class='ocrx_word' id='word_1_229' title='bbox 1093 3447 1164 3523; x_wconf 82' lang='grc' dir='ltr'><strong><em>καί]</em></strong></span> 
     </span>
     <span class='ocr_line' id='line_1_31' title="bbox 143 3516 1087 3587; baseline 0.003 -17"><span class='ocrx_word' id='word_1_230' title='bbox 143 3535 199 3586; x_wconf 85' lang='lat' dir='ltr'><strong><em>mg.</em></strong></span> <span class='ocrx_word' id='word_1_231' title='bbox 219 3536 254 3571; x_wconf 92' lang='lat' dir='ltr'><strong><em>m.</em></strong></span> <span class='ocrx_word' id='word_1_232' title='bbox 275 3523 290 3569; x_wconf 77' lang='lat'><strong>2</strong></span> <span class='ocrx_word' id='word_1_233' title='bbox 314 3516 351 3584; x_wconf 87' lang='lat' dir='ltr'><strong><em>V,</em></strong></span> <span class='ocrx_word' id='word_1_234' title='bbox 381 3534 435 3570; x_wconf 85' lang='lat' dir='ltr'><strong><em>om.</em></strong></span> <span class='ocrx_word' id='word_1_235' title='bbox 454 3516 513 3586; x_wconf 81' lang='lat' dir='ltr'><strong><em>Bv,</em></strong></span> <span class='ocrx_word' id='word_1_236' title='bbox 541 3536 577 3572; x_wconf 90' lang='lat' dir='ltr'><strong><em>m.</em></strong></span> <span class='ocrx_word' id='word_1_237' title='bbox 598 3523 613 3570; x_wconf 77' lang='lat'><strong>2</strong></span> <span class='ocrx_word' id='word_1_238' title='bbox 637 3516 701 3571; x_wconf 77' lang='lat' dir='ltr'><strong>vat.</strong></span> <span class='ocrx_word' id='word_1_239' title='bbox 795 3517 859 3587; x_wconf 82' lang='grc' dir='ltr'><strong><em>ΘΒ]</em></strong></span> <span class='ocrx_word' id='word_1_240' title='bbox 883 3522 905 3571; x_wconf 91' lang='grc' dir='ltr'>Β</span> <span class='ocrx_word' id='word_1_241' title='bbox 927 3516 958 3569; x_wconf 91' lang='lat' dir='ltr'><strong><em>in</em></strong></span> <span class='ocrx_word' id='word_1_242' title='bbox 978 3535 1033 3572; x_wconf 75' lang='lat' dir='ltr'><strong>ras.</strong></span> <span class='ocrx_word' id='word_1_243' title='bbox 1053 3519 1087 3573; x_wconf 84' lang='lat' dir='ltr'><strong><em>V.</em></strong></span> 
     </span>
    </p>
   </div>
   <div class='ocr_carea' id='block_1_6' title="bbox 0 0 1216 3944">
    <p class='ocr_par' dir='ltr' id='par_1_9' title="bbox 0 0 1216 3944">
     <span class='ocr_line' id='line_1_32' title="bbox 0 0 1216 3944; baseline 0 0"><span class='ocrx_word' id='word_1_244' title='bbox 0 0 1216 3944; x_wconf 95' lang='lat' dir='ltr'><strong><em> </em></strong></span> 
     </span>
    </p>
   </div>
  </div>
 </body>
</html>
