2416 3952
125 167 191 231 312
518 173 749 228 οινοενοιοε.
771 221 775 227 .

126 335 231 399 οπτρα
259 315 341 380 κατὰ
368 316 427 392 τὰς
450 315 537 401 ἁφὰς
564 328 631 382 τῶν
656 315 774 394 ὄψεων.
820 320 945 385 οὐκοῦν
969 326 1023 403 ἴση
1048 319 1134 385 ἐστὶν

125 419 146 502 ἡ
169 417 276 504 μὲνΖ
300 430 339 506 τῇ
360 427 398 506 Θ,
420 423 441 507 ἡ
464 419 501 487 ὑὲ
519 426 554 486 Κ
573 434 613 509 τη
632 428 676 488 A·
700 425 759 508 ὄλη
783 428 847 508 ἄρα
865 427 885 510 ἡ
904 429 970 491 ΚΖ
994 433 1051 510 ἴση
1066 426 1133 492 ἐστὶ

125 536 165 612 τῇ
191 532 259 592 ΘΛ.
304 528 589 612 ἀνακλασθήσεται
612 533 676 617 ἄρα
698 531 719 614 ἡ
743 530 818 610 ὄφις
841 533 904 599 ἀπὸ
928 543 988 598 τοῦ
1011 543 1133 619 κυρτοῦ

126 633 288 721 ἐνόπτρου
316 645 375 700 τοῦ
400 638 432 700 Γ
454 635 506 701 έπὶ
529 638 567 702 τὸ
589 644 624 702 A
650 636 705 702 καὶ
733 636 797 703 ἀπὸ
820 648 880 704 τοῦ
903 645 937 704 A
965 639 1018 705 ἐπὶ
1044 642 1081 705 τὸ
1104 646 1136 706 E

90 752 106 800 5
125 739 180 806 καὶ
203 741 266 807 ἀπὸ
290 751 350 806 τοῦ
373 748 405 807 Ε
426 742 479 807 ἐπὶ
501 745 538 809 τὸ
560 750 601 808 A.
638 746 785 830 φανερὸν
808 741 879 828 οὑν,
904 746 955 811 ὅτι
977 745 1032 811 καὶ
1055 771 1133 833 κυρ-

125 860 192 913 τῶν
210 848 230 931 ἢ
249 852 372 914 κοίλων
390 848 498 915 ὄντων
512 849 668 916 ἁπάντων
685 849 741 915 καὶ
755 851 1025 936 ἀναμεμιγμένων
1045 857 1134 919 ἔστιν

127 957 211 1020 ἰὺεῖν
234 957 271 1019 τὸ
295 955 384 1020 αὐτό.

603 1114 657 1184 ις’.

190 1237 244 1304 Ἐν
262 1251 331 1316 τοῖς
350 1239 516 1316 ἐπιπέδοις
534 1240 706 1326 ἐνόπτροις
719 1240 857 1306 ἕκαστον
875 1253 942 1307 τῶν
957 1242 1136 1329 ὁρωμένων

72 1358 106 1406 10
124 1348 206 1412 κατὰ
229 1348 290 1431 τὴν
313 1346 376 1412 ἀπὸ
399 1357 460 1412 τοῦ
482 1347 653 1433 ὁρωμένου
676 1348 819 1413 κάθετον
841 1348 964 1435 ὁρᾶται.

191 1456 273 1519 ἔστω
302 1456 463 1539 ένοπτρον
490 1453 646 1519 ἐπίπεδον
673 1456 709 1520 τὸ
733 1459 809 1539 ΓΔ,
842 1454 929 1540 ὄμμα
961 1453 998 1520 δὲ
1030 1458 1068 1522 τὸ
1097 1461 1135 1540 Β,

124 1560 293 1646 ὁρώμενον
317 1557 353 1625 δὲ
375 1562 412 1626 τὸ
432 1567 474 1644 A,
496 1559 551 1626 καὶ
575 1565 656 1626 ἔστω
679 1562 819 1640 κάθετος
842 1563 863 1646 ἡ
886 1562 948 1628 ἀπὸ
972 1572 1033 1627 τοῦ
1053 1563 1135 1648 ὁρω-

124 1666 225 1752 μένου
254 1666 306 1733 έπὶ
329 1669 366 1733 τὸ
390 1671 551 1753 ἔνοπτρον
578 1667 598 1750 ἡ
622 1674 654 1732 Α
661 1671 696 1733 Γ.
743 1669 867 1734 οὐκοῦν
890 1667 961 1734 ἐπεὶ
982 1668 1134 1735 ὑπέκειτο

124 1774 161 1839 έν
195 1786 264 1851 τοῖς
295 1772 523 1858 φαινομένοις,
555 1775 606 1839 ὄτι
637 1774 907 1860 καταληφθέντος
938 1785 998 1840 τοῦ
1032 1780 1135 1842 τόπον

71 1892 105 1940 15
124 1890 183 1945 τοῦ
209 1885 241 1946 Γ
267 1882 327 1964 οὐχ
356 1881 471 1964 ὁρᾶται
497 1883 534 1946 τὸ
561 1887 607 1965 A,
639 1883 676 1946 τὸ
705 1890 737 1946 A
769 1884 832 1967 ἄρα
864 1882 1051 1966 ὀφθήσεται
1084 1881 1133 1948 ἐπ’

124 1987 257 2063 εὐθείας
275 1997 314 2072 τῇ
333 1990 405 2052 ΑΓ.
443 1987 526 2053 ἀλλὰ
549 1989 590 2072 δὴ
609 1986 664 2052 καὶ
684 1986 733 2052 ἐπ’
750 1988 883 2065 εὐθείας
901 1998 940 2073 τῇ
961 1993 1024 2053 BA
1047 1992 1134 2068 ὄψει·

123 2096 206 2158 κατὰ
232 2096 269 2159 τὸ
297 2099 329 2158 Ε
354 2096 431 2179 ἄρα·
463 2093 613 2159 ὑπέκειτο
641 2095 705 2180 γὰρ
732 2093 812 2178 ἡμῖν
838 2097 875 2159 τὸ
904 2096 1004 2179 εὑθὺ,
1034 2092 1075 2161 οὑ
1098 2098 1134 2161 τὸ

123 2199 225 2283 μέσον
244 2211 312 2275 τοῖς
331 2201 444 2285 ἄκροις
463 2200 672 2285 ἐπιπροσθεῖ·
692 2203 775 2266 ὥστε
793 2201 909 2266 εὐθεῖα
928 2205 1018 2267 ἔσται
1033 2202 1054 2285 ἡ
1070 2207 1136 2267 ΑΕ

122 2305 178 2371 καὶ
200 2305 220 2389 ἡ
245 2310 317 2370 ΒΕ.

70 2480 105 2528 το
603 2466 654 2546 ιζ’.

189 2590 242 2656 Ἐν
265 2603 335 2669 τοῖς
357 2603 490 2675 κυρτοῖς
514 2592 685 2679 ἐνόπτροις
708 2593 846 2658 ἕκαστον
868 2604 936 2657 τῶν
956 2592 1138 2678 ὁρωμένων

123 2700 204 2762 κατὰ
228 2701 288 2782 τὴν
312 2698 375 2764 ἀπὸ
399 2707 458 2762 τοὺ
481 2697 651 2784 ὁρωμένου
675 2701 722 2776 εἰς
744 2701 781 2764 τὸ
803 2700 942 2785 κέντρον
960 2708 1018 2782 τῆς
1038 2703 1137 2783 σφαί-

124 2829 184 2890 ρας
207 2803 373 2888 ἀγομένην
396 2805 532 2870 εὐθεῖαν
556 2805 680 2891 ὁρᾶται.

74 2984 81 2995 ¹
191 2914 272 2975 ἔστω
296 2913 419 2997 κυρτὸν
442 2914 603 2997 ένοπτρον
626 2914 662 2977 τὸ
682 2915 752 2996 I'A,
776 2914 863 2996 ὄμμα
884 2908 921 2976 δὲ
939 2912 976 2976 τὸ
996 2916 1036 2995 Β,
1061 2915 1137 2991 ὄφις

195 3180 219 3228 2.
239 3173 345 3246 ἡ(ρτ.)]
365 3191 434 3228 eras.
450 3192 475 3228 v.
531 3173 576 3244 ἴση
587 3180 654 3228 -3,
676 3175 738 3247 ΘΛ]
758 3172 806 3246 ὄλη
825 3182 859 3246 τῇ
873 3177 929 3229 ΛΘ
948 3173 993 3244 ἴση
1009 3173 1084 3231 ἐστίν
1098 3195 1134 3229 m.

160 3252 184 3299 2.
204 3243 277 3299 ἐστίν
292 3245 347 3299 Vv.
403 3251 427 3300 5.
447 3242 760 3318 uoci(alt.)]0m.Mvm.
817 3243 921 3316 θκαέ]
939 3244 1008 3313 ἤτω.
1065 3248 1136 3302 ἀνα-

124 3314 293 3387 μεμιγμένον
311 3335 348 3386 m,
368 3317 417 3370 sed
432 3334 513 3385 νοτες
533 3314 772 3386 ἀναμεμηγμένων
791 3335 816 3385 ν,
837 3316 886 3370 sed
906 3333 973 3370 corr.
1036 3323 1061 3371 8.
1082 3319 1135 3389 ις’]

123 3388 169 3457 κγ’
185 3389 240 3442 Vv.
302 3392 342 3443 10.
362 3390 424 3460 τοῦ]
443 3398 498 3444 τῶν
517 3389 554 3443 M.
615 3395 656 3442 13.
675 3386 816 3460 ὑπέκειτο]
835 3387 982 3442 ὑπόκειται
999 3406 1037 3443 m.
1094 3395 1135 3442 14.

124 3461 320 3530 φαινομένοις]
340 3458 415 3528 ὄροις
433 3478 469 3513 m.
550 3466 590 3514 16.
610 3466 632 3513 Α
640 3461 680 3532 Γ]
700 3464 759 3515 ΔΓ
773 3460 843 3512 Mm.
916 3460 976 3530 BA]
997 3464 1046 3513 BA
1065 3461 1134 3513 Mm.

160 3537 201 3584 17.
222 3529 306 3601 κατά]
326 3530 394 3598 μετά
412 3531 449 3584 Μ.
514 3530 582 3602 ὄρνι]
602 3549 654 3585 om.
674 3550 710 3586 m.
772 3528 913 3602 ὑπέκειτο]
932 3530 1080 3585 ὑπόκειται
1098 3549 1132 3584 m.
