2424 3944
127 169 170 232 14
470 167 641 220 EUCLIDIS
660 167 797 220 OPTIOA.

612 351 656 410 η.

199 440 246 504 Τὰ
275 445 328 520 ἴση
356 433 480 520 μεγέθη
509 431 565 498 καὶ
591 433 785 517 παράλληλα
808 436 925 499 ἄνισον
949 435 1144 518 διεστηκότα

127 546 190 612 ἀπὸ
205 554 265 610 τοῦ
280 546 424 628 ὄμματος
438 541 499 606 οὐκ
513 539 684 622 ἀναλόγως
697 552 767 616 τοῖς
782 541 1000 625 διαστήμασιν
1015 540 1144 627 ὁρᾶται.

193 655 275 717 ἔστω
300 650 361 714 δύο
389 646 514 733 μεγέθη
542 647 582 710 τὰ
606 650 688 730 AB,
712 650 773 711 ΓΔ
800 649 918 712 ἄνισον
948 648 1145 731 διεστηκότα

91 758 190 822 ὅάπὸ
222 765 282 821 τοῦ
311 758 455 840 ὄμματος
481 761 542 816 τοῦ
569 757 608 817 Ε.
658 750 758 836 λέγω,
791 754 841 819 ὅτι
870 756 931 818 οὔκ
959 754 1064 837 έστιν,
1099 754 1145 830 ὡς

125 867 279 949 φαίνεται
302 866 388 946 έχον,
412 861 457 936 ὡς
478 860 515 924 τὸ
540 863 603 924 ΓΔ
624 860 708 942 πρὸς
731 861 767 925 τὸ
791 865 868 944 ΑΒ,
892 861 998 947 οὕτως
1021 862 1058 926 τὸ
1078 865 1147 924 ΒΕ

124 972 449 1057 πρὸςτὸΕΔπροσ-
518 1034 561 1091 A
740 1043 772 1100 Γ

124 1077 333 1142 πιπτέτωσαν
385 1081 447 1165 γὰρ
783 1096 823 1156 Π

125 1184 254 1261 ἀκτῖνες
294 1187 332 1250 αἱ
365 1192 398 1249 A
404 1191 448 1270 E,
719 1189 743 1246 Ζ

72 1305 106 1354 10
125 1295 205 1374 ΕΓ,
236 1289 292 1356 καὶ
323 1292 447 1381 κέντρῳ

125 1394 185 1482 μέν
224 1408 269 1486 τῷ
306 1405 339 1464 Ε
378 1401 448 1465 δια·
747 1436 787 1532 ,Δ

125 1507 264 1589 στηματι
316 1504 353 1571 δὲ
402 1517 448 1596 τῷ
496 1525 534 1584 B
706 1551 733 1614 θ
1093 1530 1136 1588 Ε

124 1615 191 1676 ΕΖ
236 1613 361 1678 κύκλου
397 1638 449 1697 γε-

125 1719 270 1805 γράφθω
307 1721 500 1808 περιφέρεια
536 1722 556 1805 ἡ
589 1727 707 1787 ΗΖΘ.
772 1720 840 1787 ἐπεὶ
875 1717 937 1787 οὖν
969 1722 1006 1786 τὸ
1040 1725 1150 1785 ΕΖΓ

74 1836 106 1884 15
124 1830 290 1910 τρίγωνον
313 1837 372 1893 τοῦ
391 1833 499 1893 ΕΖΗ
518 1828 642 1914 τομέως
664 1832 773 1914 μεῖζόν
797 1829 897 1911 ἐστιν,
921 1829 957 1893 τὸ
982 1823 1020 1891 δὲ
1038 1832 1144 1891 ΕΖΔ

124 1936 290 2016 τρίγωνον
317 1943 377 1998 τοῦ
401 1940 501 1999 ΕΖΘ
528 1934 652 2020 τομέως
680 1938 815 2001 ἔλαττόν
843 1935 948 2018 έστιν,
980 1935 1017 1998 τὸ
1041 1937 1149 1998 ΕΖΓ

125 2041 190 2125 ἄρα
209 2043 375 2126 τρίγωνον
392 2042 476 2126 πρὸς
494 2043 553 2106 τὸν
567 2047 675 2107 ΕΖΗ
688 2040 788 2127 τομέα
806 2045 938 2127 μείζονα
956 2043 1059 2123 λόγον
1075 2043 1143 2124 ἔχει

124 2147 207 2232 ἥπερ
230 2147 268 2211 τὸ
292 2152 394 2212 ΕΖΔ
421 2151 586 2233 τρίγωνον
613 2150 697 2233 πρὸς
722 2150 781 2214 τὸν
802 2153 903 2214 ΕΖΘ
930 2146 1039 2232 τομέα.
1084 2146 1144 2212 καὶ

126 2252 264 2330 ἐναλλὰξ
292 2255 329 2319 τὸ
357 2257 459 2319 ΕΖΓ
481 2257 646 2340 τρίγωνον
673 2256 757 2340 πρὸς
784 2256 820 2319 τὸ
849 2261 947 2320 ΕΖΔ
974 2257 1144 2338 τρίγωνον

71 2369 106 2418 20
125 2364 256 2445 μείζονα
289 2363 389 2443 λόγον
422 2364 487 2445 ἔχει
518 2363 601 2448 ἤπερ
634 2363 651 2428 ὁ
679 2366 788 2427 ΕΖΗ
816 2364 934 2446 τομεὺς
965 2363 1049 2448 πρὸς
1079 2363 1143 2427 τὸν

124 2471 224 2531 ΕΖΘ
246 2466 356 2552 τομέα,
379 2465 434 2532 καὶ
455 2467 615 2534 συνθέντι
638 2470 675 2535 τὸ
694 2472 790 2534 ΕΓΔ
812 2472 977 2555 τρίγωνον
1000 2468 1083 2553 πρὸς
1103 2470 1141 2534 τὸ

124 2578 222 2637 ΕΖΔ
248 2577 413 2659 τρίγωνον
436 2578 567 2659 μείζονα
591 2579 691 2659 λόγον
715 2579 780 2659 έχει
802 2576 885 2661 ἥπερ
909 2575 926 2640 ὁ
950 2579 1025 2639 ΕΗ
1029 2579 1057 2638 Θ
1084 2599 1141 2639 το-

124 2683 204 2766 μεὺς
230 2681 314 2765 πρὸς
340 2683 399 2746 τὸν
422 2686 521 2746 ΕΖΘ
548 2681 656 2767 τομέα.
707 2680 781 2747 ἀλλ’
802 2682 847 2758 ὡς
869 2683 906 2746 τὸ
930 2685 1033 2747 ΕΔΓ
1055 2683 1142 2767 πρὸς

125 2788 161 2853 τὸ
184 2792 282 2852 ΕΖΔ
305 2792 479 2872 τρίγωνον,
503 2789 608 2864 οὕτως
631 2789 650 2872 ἡ
675 2791 736 2853 ΓΔ
757 2789 841 2874 πρὸς
863 2789 923 2872 τὴν
944 2794 977 2852 Δ
984 2793 1020 2852 Ζ.
1057 2787 1077 2870 η
1104 2785 1142 2854 δέ

71 2903 105 2952 25
126 2898 188 2959 ΓΔ
210 2905 249 2981 τῇ
273 2899 339 2959 ΑΒ
363 2893 453 2959 ἐστιν
477 2900 546 2979 ἴση,
578 2892 633 2960 καὶ
661 2894 706 2970 ὡς
733 2893 753 2976 ἡ
777 2898 842 2957 ΑΒ
870 2894 954 2978 πρὸς
976 2896 1038 2978 τὴν
1060 2900 1141 2978 ΔΖ,

125 3001 230 3084 ἡΒΕ
250 3002 334 3086 πρὸς
356 3003 416 3086 την
435 3007 507 3066 ΕΔ.
539 3001 641 3084 ἡΒΕ
661 3002 725 3087 ἄρα
743 3002 826 3086 πρὸς
844 3002 905 3085 τὴν
921 3006 984 3065 ΕΔ
1006 3004 1142 3085 μείζονα

126 3111 227 3191 λόγον
245 3111 309 3192 ἔχει
328 3109 410 3194 ἤπερ
430 3109 447 3174 ὁ
467 3112 540 3173 ΕΗ
544 3111 573 3171 Θ
595 3110 713 3191 τομεὺς
730 3107 814 3193 πρὸς
831 3108 890 3171 τὸν
907 3111 1008 3171 ΕΖΘ
1028 3108 1142 3191 τομέα.

125 3213 170 3290 ὡς
193 3211 229 3278 δὲ
253 3214 270 3279 ὁ
295 3216 413 3299 τομεὺς
439 3214 522 3300 πρὸς
549 3214 608 3278 τὸν
631 3212 745 3298 τομέα,
773 3213 878 3288 οὕτως
900 3212 920 3295 ἡ
943 3211 1009 3277 ὑπὸ
1032 3216 1143 3280 ΗΕΘ

124 3323 229 3401 γωνία
264 3321 348 3405 πρὸς
383 3322 444 3405 την
479 3320 544 3385 ὑπὸ
583 3325 681 3385 ΖΕΘ
717 3324 851 3403 γωνίαν.
915 3319 935 3403 ἡ
972 3324 1038 3384 ΒΕ
1074 3323 1142 3405 ἄρα

199 3465 221 3512 1.
241 3459 285 3530 η’]
304 3459 339 3513 θ’
360 3459 440 3513 codd.
500 3465 525 3514 4.
547 3461 606 3530 ΓΔ]
627 3476 695 3513 corr.
716 3459 940 3527 exBFBVat.,
960 3463 1016 3512 ΒΓ
1029 3477 1055 3514 v.
1115 3467 1142 3517 6.

125 3531 172 3602 ὡς]
194 3546 246 3584 om.
265 3530 453 3585 VBVat.mv.
533 3537 556 3585 7.
576 3528 769 3598 προσπιπτέτω
787 3530 834 3584 Bv
853 3532 882 3584 et
899 3530 973 3600 Vah,
998 3531 1048 3584 sed
1067 3548 1141 3589 corr.

71 3598 135 3696 Ν
