2424 3944
339 141 549 193 sericorum
566 141 743 194 uncrusro
762 142 927 195 rnrours.
1071 139 1136 203 213

129 287 387 369 LH=AEB,
418 287 451 347 et
482 288 652 359 L0>11
704 305 780 370 ergo
809 284 907 349 etiam
933 287 1007 348 ΗΘ
1033 284 1136 349 maior

130 389 299 472 adparebit
322 394 411 454 recta
434 393 499 454 AB
523 388 599 473 [def.
618 389 663 474 4].

195 530 266 594 lam
288 535 376 594 recta
399 532 439 595 ab
464 529 558 595 oculo
582 531 622 594 ad
645 535 791 595 centrum
810 532 906 597 ducta
923 532 1013 595 radio
1033 531 1136 597 maior

126 658 169 700 ne
186 635 237 717 sit,
253 635 309 699 sed
323 634 437 699 minor.
463 640 534 700 tum
549 636 586 700 de
601 636 767 701 diametris
783 637 980 702 contrarium
996 639 1137 725 eueniet3

127 765 206 806 nam
235 762 315 824 quae
343 741 518 805 diametrus
547 746 641 806 antea
668 742 772 807 maior
801 748 884 828 erat,
915 766 1001 809 nunc
1029 744 1137 808 minor

128 847 315 932 adparebit,
342 847 448 911 minor
475 852 584 912 autem
611 849 724 913 maior.
769 849 812 914 sit
835 849 974 915 circulus
998 854 1138 935 ΑΒΓΔ,

128 956 352 1039 ducanturque
377 954 457 1018 duae
481 954 631 1019 diametri
649 960 724 1042 AB,
738 959 799 1021 ΓΔ
820 956 906 1022 inter
924 980 958 1022 se
977 959 1018 1023 ad
1036 980 1137 1044 ungu-

130 1061 185 1126 los
204 1065 309 1126 rectos
331 1065 485 1146 secantes,
504 1061 567 1126 alia
581 1066 690 1126 autem
709 1065 841 1147 quaeuis
856 1065 900 1129 sit
914 1069 993 1150 ΗΘ,
1014 1065 1138 1129 oculus-

69 1917 647 1976 Μ

129 2446 193 2508 que
218 2424 262 2488 sit
280 2429 318 2510 E,
341 2446 361 2487 a
384 2444 447 2508 quo
472 2445 552 2506 quae
576 2423 616 2488 ad
637 2427 663 2486 Z
687 2428 834 2488 centrum
853 2423 990 2509 ducitur,
1013 2422 1056 2487 sit
1075 2426 1138 2486 ΕΖ

73 2527 79 2538 ’
130 2535 271 2614 utroque
299 2530 390 2595 radio
418 2529 537 2615 minor,
568 2529 842 2614 perpendicularis
870 2533 979 2593 autem
1007 2529 1050 2593 sit
1075 2533 1138 2593 EZ

128 2639 172 2702 ad
204 2640 278 2723 ΓΔ,
314 2641 347 2702 et
378 2640 519 2721 ponatur
551 2639 632 2700 AM
658 2635 815 2700 diametro
850 2634 962 2700 circuli
994 2635 1138 2718 aequalis

129 2748 321 2827 seceturque
349 2743 384 2807 in
412 2743 490 2807 duas
518 2745 627 2826 partes
656 2741 806 2825 aequales
831 2742 866 2806 in
888 2746 936 2826 N,
969 2746 1001 2805 et
1034 2741 1075 2805 ab
1103 2745 1143 2806 N

128 2849 405 2935 perpendicularis
429 2849 575 2935 erigatur
597 2847 668 2921 ΝΞ
687 2853 793 2913 rectae
816 2853 879 2912 ΕΖ
902 2848 1056 2934 aequalis,
1080 2849 1138 2913 eir-

129 2978 267 3040 cumque
296 2959 377 3020 ΛΜ
403 2960 435 3020 et
458 2960 615 3040 punctum
648 2954 678 3027 Ξ
707 2958 910 3041 segmentum
942 2953 1055 3019 circuli
1087 2955 1138 3020 de-

128 3062 293 3128 scribatur
316 3066 347 3125 A
352 3061 429 3136 ΞΜ
431 3088 438 3148 ;
471 3061 533 3126 erit
556 3060 660 3147 igitur
688 3060 889 3126 semicirculo
912 3060 1033 3147 minue,
1062 3083 1138 3144 quo·

127 3167 218 3234 niam
248 3166 319 3240 ΝΞ
348 3168 438 3232 radio
469 3168 576 3232 minor
608 3171 665 3232 est.
723 3168 834 3250 itaque
867 3166 1004 3251 anffiilus
1038 3167 1078 3232 ad
1110 3166 1140 3241 Ξ

127 3279 287 3360 punctum
309 3274 445 3356 positus,
468 3273 524 3356 qui
542 3273 639 3338 rectis
659 3277 690 3338 Λ
696 3272 732 3359 Ξ,
751 3271 827 3345 ΞΜ
845 3273 1137 3360 comprehenditur,

128 3381 250 3468 angulo
274 3379 314 3443 ad
336 3383 368 3442 E
393 3379 516 3464 posito,
544 3379 599 3462 qui
625 3379 721 3444 rectis
746 3382 820 3464 ΓΕ,
838 3384 905 3443 ΕΔ
931 3380 1136 3465 comprehen-

128 3488 227 3574 ditur,
240 3487 382 3571 aequalis
396 3486 465 3550 erit.
490 3490 632 3570 ponatur
644 3491 810 3571 praeterea
823 3493 844 3563 L
855 3491 886 3551 Λ
891 3491 930 3551 Ν
932 3492 961 3552 0
972 3519 1012 3540 =
1024 3491 1135 3573 ΕΖΗ,
