2424 3944
215 703 308 781 Όψιν
331 697 416 766 εἶναι
440 701 587 783 εὐθεῖαν,
609 695 648 783 ἧς
670 702 710 764 τδι
729 698 811 785 μέσα
828 699 936 766 πάντα
957 713 1029 779 τοῖς
1047 703 1163 788 ἄκροις

150 808 354 894 ἐπιπροσθεῖ.

221 916 268 978 Τδι
291 915 441 1000 ὁρώμενα
464 916 591 978 ὕπαντα
614 912 693 978 καθ’
715 914 849 991 εὐθείας
870 914 1026 1002 δρᾶσθαι.

213 1019 393 1105 Ἐνόπτρου
421 1019 576 1096 τεθέντος
603 1020 639 1085 έν
666 1019 807 1109 ἐπιπέδῳ
836 1018 891 1085 καὶ
920 1020 1161 1108 θεωρουμένου

114 1140 129 1186 5
149 1130 240 1204 τινὸς
257 1128 375 1211 ὕψους,
399 1126 416 1192 δ
434 1128 518 1212 πρὸς
535 1127 642 1212 ὀρθός
660 1126 729 1191 ἐστι
747 1136 792 1214 τῷ
812 1125 965 1215 ἐπιπέδῳ,
985 1131 1161 1211 γίγνονται

148 1235 327 1318 ἀνάλογον,
360 1235 405 1311 ὡς
431 1233 451 1316 ἡ
479 1232 599 1317 μεταξὺ
626 1243 686 1298 τοῦ
710 1233 872 1319 ἐνόπτρου
904 1232 960 1299 καὶ
987 1244 1048 1300 τοῦ
1073 1243 1161 1301 θεω-

148 1351 288 1426 ροῦντος
306 1342 422 1405 εὐθεῖα
444 1342 527 1427 πρὸς
543 1343 604 1423 την
622 1339 741 1425 μεταξὺ
760 1350 820 1405 τοῦ
839 1340 1002 1429 ἐνόπτρου
1024 1341 1083 1408 καὶ
1102 1351 1160 1408 τοῦ

146 1450 230 1534 πρὸς
261 1448 368 1533 όρθδις
394 1447 516 1529 ὕψους,
550 1447 636 1512 οὕτω
669 1448 706 1511 τὸ
738 1456 799 1512 τοῦ
827 1453 1041 1535 θεωροῦντος
1074 1449 1160 1528 ὕψος

147 1556 230 1640 πρὸς
252 1556 289 1619 τὸ
312 1555 396 1640 πρὸς
418 1554 525 1639 ὀρθὰς
547 1562 592 1640 τῷ
617 1552 758 1641 ἐπιπέδῳ
782 1555 876 1632 ὕψος.

96 1674 128 1722 10
212 1659 267 1725 Ἐν
294 1673 363 1737 τοῖς
390 1659 556 1737 ἐπιπέδοις
583 1659 756 1746 ἐνόπτροις
776 1669 836 1725 τοῦ
859 1663 962 1725 τόπου
990 1667 1157 1747 καταληψ

147 1766 281 1851 θέντος,
313 1766 366 1852 ἐφ’
392 1765 432 1831 δυ
459 1767 479 1850 ἡ
507 1768 647 1842 κάθετος
668 1769 779 1830 πίπτει
802 1766 866 1831 ἀπὸ
888 1775 949 1831 τοῦ
972 1766 1154 1854 δρωμένου,

147 1873 256 1938 οὐκέτι
279 1874 395 1959 ὁρᾶται
418 1875 454 1938 τὸ
478 1874 656 1959 ὁρώμενον.

214 1979 280 2044 Καὶ
304 1980 340 2044 ἐν
363 1991 432 2056 τοῖς
452 1992 586 2067 κυρτοῖς
609 1980 781 2065 ἐνόπτροις
803 1979 1078 2065 καταληφθέντος
1099 1990 1155 2047 τοῦ

147 2089 260 2169 τόπου,
284 2084 329 2149 δι’
346 2082 387 2151 οὗ
406 2085 469 2150 ἀπὸ
488 2096 548 2150 τοῦ
567 2084 737 2171 ὁρωμένου
761 2089 808 2162 εἰς
829 2088 867 2151 τὸ
885 2085 1026 2174 κέντρον
1045 2090 1156 2172 ἄγεται

82 2205 127 2253 ,15
146 2202 204 2275 της
226 2195 379 2278 σφαίρας,
402 2192 511 2257 οὐκέτι
534 2192 650 2278 ὁρᾶται
672 2194 709 2257 τὸ
733 2192 912 2278 δρώμενον.
957 2195 996 2259 τὸ
1020 2192 1153 2260 δἀὐτὸ

145 2298 201 2363 καὶ
224 2298 261 2364 ἐν
283 2310 353 2375 τοῖς
375 2302 500 2375 κοίλοις
523 2302 705 2383 συμβαίνει.

210 2405 286 2471 Ἐὰν
304 2409 352 2482 είς
369 2406 503 2489 ἀγγεῖον
521 2405 670 2491 ἐμβληθῇ
689 2429 721 2469 τι
739 2403 794 2470 καὶ
813 2406 897 2491 λίβη
916 2405 1092 2492 ἀπόστημα
1110 2408 1153 2485 ὡς

146 2511 259 2597 μηκέτι
291 2514 447 2599 δρᾶσθαι,
479 2522 539 2578 τοῦ
571 2513 674 2577 αὐτοῦ
706 2512 935 2597 ἀποστήματος
966 2515 1064 2591 ὄντος
1097 2515 1154 2580 ἐὰν

145 2621 237 2708 ὕδωρ
262 2619 402 2706 έγχυθῇ,
425 2619 611 2704 ὀφθήσεται
634 2621 671 2684 τὸ
695 2618 870 2703 ἐμβληθέν.

92 2845 126 2893 20
627 2829 671 2901 α’.

208 2954 286 3021 Ἀπὸ
309 2967 377 3021 τῶν
399 2956 564 3021 ἐπιπέδων
587 2956 757 3043 ἐνόπτρων
778 2953 834 3022 καὶ
855 2968 988 3043 κυρτῶν
1010 2956 1068 3023 καὶ
1087 2961 1153 3023 κοί-

145 3068 213 3127 λων
236 3065 273 3127 αί
293 3065 385 3141 ὄψεις
408 3063 445 3128 ἐν
469 3070 555 3140 έσαις
578 3067 715 3146 γωνίαις
737 3063 953 3130 ἀνακλῶνται.

144 3201 355 3210 -..ης-«ῃ

208 3270 286 3343 Ὅροι
304 3294 345 3345 m,
366 3273 426 3343 όροι
444 3284 636 3343 κατοπτρικῶν
654 3294 689 3330 m.
709 3291 762 3329 rec.
782 3293 808 3330 v.
883 3282 905 3330 1.
926 3274 1017 3344 Supra
1036 3279 1151 3332 εὐθεῖαν

144 3341 176 3412 ἧς
200 3363 250 3400 ser.
274 3344 435 3401 ὑποκείσθω
458 3365 494 3405 m.
514 3353 530 3399 2
553 3346 591 3416 V,
619 3365 673 3415 mg.
698 3364 733 3401 m.
755 3351 783 3402 1:
811 3344 885 3400 κατὰ
907 3355 1006 3402 κοινοῦ
1029 3348 1061 3403 τὸ
1084 3350 1151 3403 ὑπο-

143 3414 256 3471 κείσθω.
329 3414 374 3489 ἧς]
393 3434 460 3471 corr.
481 3434 515 3471 ex
534 3414 573 3480 είς
592 3436 616 3472 v.
702 3422 725 3472 5.
747 3416 820 3472 ἐστιν
837 3417 893 3473 Vv.
968 3416 1097 3488 γίνονται
1114 3419 1148 3473 Μ.
