2424 3944
132 133 198 198 120
467 133 637 186 ωοοιωιε
656 132 794 187 ονιεσε.

131 279 232 345 πάλιν
254 276 323 343 ἐπεὶ
346 278 367 362 ἡ
389 274 450 362 μὲν
474 280 534 341 ΓΖ
552 286 592 362 τῇ
617 281 678 341 ΖΒ
702 275 792 342 ἐστιν
815 282 885 361 ἴση,
908 276 928 360 η
952 274 990 343 δὲ
1012 283 1079 344 ΑΖ
1102 287 1142 365 τῇ

134 392 204 470 ΖΛ,
227 385 310 450 άλλδι
332 381 387 449 καί
410 383 515 467 ηΑΒ
538 393 578 469 τῇ
598 386 667 466 ΓΔ,
691 384 728 447 αί
748 395 836 469 τρεῖς
858 385 922 469 άρα
941 396 1015 462 ταῖς
1032 384 1144 471 τρισὶν

133 500 202 558 ἴσαι
234 494 311 574 είσί,
343 487 398 554 καῖ
430 491 535 571 γωνία
566 493 680 576 γωνίᾳ.
736 495 790 574 ἴση
818 492 883 577 άρα
911 495 1095 576 φανήσεται
1121 491 1143 576 ἡ

132 600 257 685 πλευρά
289 607 328 683 τῇ
359 601 500 683 πλευρᾷ,
533 596 577 672 ὡς
608 594 664 660 καὶ
695 598 733 661 αί
761 595 874 662 λοιπαὶ
900 597 1041 685 πλευραὶ
1075 605 1144 665 ἴσαι

97 720 113 768 5
133 708 347 792 φανήσονται.

204 886 268 966 Τῆς
300 878 336 946 δὲ
369 881 432 946 άπὸ
460 889 520 946 τοῦ
548 883 691 965 ὄμματος
723 879 775 946 ἐπὶ
805 883 866 966 τὴν
894 885 1049 967 συναφὴν
1077 895 1146 949 τών

134 987 318 1075 διαμέτρων
347 991 426 1073 μήτε
453 989 536 1073 πρὸς
563 987 670 1072 ὀρθάς
696 989 798 1071 ούσης
824 999 869 1076 τῷ
894 988 1036 1078 ἐπιπέδῳ
1065 993 1146 1075 μήτε

135 1103 208 1180 ἴσης
230 1093 365 1182 ἑκατέρη
391 1105 459 1160 τῶν
487 1094 550 1159 άπὸ
578 1104 636 1178 της
658 1104 812 1179 συναφῆς
836 1097 919 1180 πρὸς
941 1097 999 1172 τάς
1022 1099 1148 1178 γωνίας

133 1213 193 1269 τοῦ
216 1203 424 1289 τετραγώνου
447 1198 619 1284 ἀγομένων
641 1203 720 1286 μήτε
744 1208 817 1277 ἴσας
840 1205 964 1291 γωγίας
984 1205 1147 1287 ποιούσης

82 1322 117 1372 10
134 1308 203 1395 μετ’
229 1310 339 1374 αὐτῶν
367 1309 405 1373 αί
429 1307 599 1393 διάμετροι
626 1309 736 1372 άνισοι
761 1311 976 1392 φανήσονται.
1024 1308 1147 1394 ὁμοίως

135 1418 197 1503 γὰρ
226 1414 374 1500 δείξομεν
405 1415 445 1479 τά
473 1417 713 1499 συμβαίνοντα,
745 1415 896 1500 καθάπερ
928 1413 984 1479 καὶ
1013 1415 1050 1481 ἐν
1077 1427 1148 1494 τοῖς

134 1525 278 1599 κύκλοις.

134 1649 347 1659 ——.—-—--

207 1722 231 1771 2
250 1715 312 1786 AB]
330 1714 379 1830 A2
371 1732 401 1767 m
419 1731 473 1768 ras
492 1715 525 1769 V
599 1719 623 1770 3
643 1710 713 1768 εἰσίν
731 1732 757 1767 v
830 1711 930 1788 γωνίᾳ]
949 1715 998 1768 καὶ
1012 1736 1102 1789 γωνια
1121 1733 1147 1769 v.

172 1819 334 1891 4.πλευρά]
353 1788 425 1876 nV.
481 1820 539 1876 ίσαι
558 1820 746 1891 φανησονται]
765 1837 821 1888 seq
842 1822 914 1889 spat
933 1836 994 1874 uae.
1010 1826 1025 1874 6
1045 1820 1102 1876 litt.
1123 1840 1149 1891 v,

138 1947 191 1984 om
211 1948 247 1983 m.
316 1934 339 1982 6
359 1927 433 1981 Ante
452 1936 500 1996 τῆς
519 1928 620 1997 adpon.
640 1896 674 1963 ἅ
694 1928 727 1996 V,
752 1926 811 1980 et
803 1945 833 1980 m
851 1945 906 2014 mg.
926 1927 997 1980 haec
1015 1926 1152 2020 reguntur

136 2000 219 2054 initio
247 1998 350 2053 reciso.
379 2041 455 2053 .....
476 1998 543 2066 μήτε
570 1999 640 2067 πρὸς
668 1971 823 2090 ὀρθάς...
835 1995 919 2051 πέδ
944 1997 1011 2066 μήτε
1040 1997 1087 2068 ἴση
1115 2007 1150 2071 τῇ

138 2070 259 2141 (punctis
278 2069 343 2140 del)
367 2066 484 2143 ἑκάτερα
506 2078 561 2124 τῶν
585 2070 641 2124 ἀπὸ
661 2078 710 2140 τῆς
729 2088 800 2124 σννα
824 2077 857 2139 ης
879 2069 949 2137 πρὸς
971 2067 1021 2131 τὰς
1045 2067 1152 2139 γωνίας

137 2151 187 2196 τοῦ
209 2141 384 2231 τετραγώνου
407 2124 553 2210 ἀγομένων
576 2141 642 2211 μήτε
664 2140 726 2203 ίσας
744 2090 847 2230 γωνίδις
865 2158 950 2194 ποι..
970 2138 1028 2208 μετ’
1046 2142 1152 2230 αὐτῶν,

138 2213 169 2266 αἱ
187 2210 331 2282 διάμετροι
350 2211 443 2266 άνισοι
462 2212 645 2281 φανήσονται.
683 2210 784 2281 ὁμοίως
806 2210 859 2281 γάρ
879 2183 1057 2279 δείξομεν
1026 2231 1064 2264 τα
1083 2230 1152 2282 συμ·

138 2286 174 2356 βα
156 2281 283 2364 αίνοντα,
302 2281 435 2351 καθάπερ
454 2283 484 2337 ἐν
503 2293 560 2345 τοῖς
578 2284 690 2345 κύκλοις
709 2286 773 2353 (mg.
795 2281 946 2371 ἔσφαλται).
983 2283 1016 2336 In
1034 2301 1065 2336 m
1083 2286 1152 2338 ante

137 2363 186 2426 τῆς
204 2354 256 2408 ins
253 2353 365 2444 [ἐ]διν
389 2351 455 2423 δὲἡ
475 2354 521 2408 ἐπὶ
539 2354 591 2424 την
609 2372 679 2409 συνα
704 2375 739 2424 ην
757 2362 806 2442 τῆς
825 2351 974 2423 διαμετρου
993 2353 1063 2423 μήτε
1082 2355 1154 2424 πρὸς

138 2419 264 2496 ὀρθὰς
247 2449 264 2516 η
283 2431 320 2499 τῷ
339 2423 461 2499 ίπιπεδφ
480 2426 547 2494 μήτε
567 2424 611 2494 ίση
630 2434 663 2496 τη
650 2354 851 2513 ίαατερα
818 2435 874 2479 τῶν
888 2425 944 2479 άπὸ
959 2433 1007 2494 τῆς
1021 2434 1154 2515 συναφῆς

138 2499 209 2567 πρὸς
231 2497 281 2560 τὰς
303 2481 407 2567 γωνίας
429 2505 478 2551 τοῦ
501 2498 675 2567 τετραγώνου
698 2480 844 2566 άγομενων
872 2496 939 2565 μήτε
962 2495 1023 2558 ίσας
1047 2494 1154 2623 γωνίας

139 2579 206 2641 ποιη
226 2567 283 2638 μετ’
302 2571 394 2623 αὐτῶν
413 2572 483 2636 κτλ,
506 2585 579 2636 quae
598 2585 682 2637 supra
702 2584 717 2621 e
736 2568 762 2622 V
779 2586 835 2637 mg.
855 2567 954 2623 adtuli
1046 2576 1096 2638 τῆς
1120 2565 1153 2623 δὲ

139 2641 195 2696 ἀπὸ
215 2649 264 2695 τοῦ
283 2639 425 2737 ὄμματος]
439 2648 495 2694 των
514 2638 708 2709 διαστημάτων
726 2639 816 2693 va.
907 2643 930 2693 8.
956 2637 1027 2710 ίσης]
1054 2638 1099 2709 ίση
1119 2648 1154 2712 τῇ

139 2757 228 2810 va.
318 2749 429 2827 τῶν]οξ
449 2755 481 2809 V
574 2761 615 2809 10.
635 2754 739 2826 άνισοι]
759 2771 827 2810 corr.
848 2771 906 2809 eX.
937 2772 1018 2808 ..σαι
1036 2754 1072 2824 V,
1096 2754 1154 2824 ἄρα

140 2835 199 2890 ίσαι
217 2854 242 2890 v,
323 2841 364 2890 12.
384 2836 507 2906 κύκλοις]
527 2856 582 2898 ο-ις
600 2835 630 2887 in
648 2852 702 2889 ras.
721 2835 755 2904 V,
775 2838 915 2896 κυκλικοῖς
934 2853 959 2888 V.
1032 2835 1067 2888 In
1085 2835 1154 2891 fine:

139 2904 216 2969 τέλος
233 2916 289 2961 τῶν
309 2907 437 2962 ὀπτύκών
456 2904 598 2961 εἴκλείδου
617 2924 642 2960 v.
