2424 3944
130 139 172 204 74
468 140 637 191 EUCLIDIS
657 139 795 193 OPTIOA.

128 284 207 357 ΞΜ.
253 283 273 366 η
302 285 366 370 άρα
397 284 479 368 πρὸς
506 292 552 370 τῳ
580 282 611 356 Ξ
639 285 743 365 γωνία
776 283 796 366 η
827 279 1042 368 περιεχομένη
1075 282 1140 347 ὑπὸ

125 401 192 455 τῶν
211 390 290 470 ΛΞ,
312 390 389 464 ΞΜ
406 390 548 454 εὐθειῶν
572 395 625 472 ίση
650 387 718 454 ἐστὶ
740 399 780 475 τῇ
798 389 881 475 πρὸς
899 398 944 476 τῷ
963 392 996 452 Ε
1016 392 1126 476 σημεί,

124 505 164 582 τῇ
187 495 400 581 περιεχομένῃ
423 495 488 561 ὑπὸ
512 504 571 560 τοῦ
595 501 627 560 Ε
647 493 702 559 καὶ
724 506 792 559 τῶν
816 498 913 578 Γ,Δ.
950 495 1138 561 συνεστάτω

124 604 207 687 πρὸς
234 612 273 688 τῇ
302 607 377 667 AN
399 602 515 689 εὐθείᾳ
542 600 597 667 καὶ
626 611 671 690 τῷ
700 607 739 667 Ν
762 605 884 689 σημείῳ
912 611 952 687 τῇ
979 601 1046 667 ὑπὸ
1074 614 1139 668 τῶν

90 713 209 791 5ΗΖ,
235 713 299 773 ΖΕ
330 715 384 791 ίση
411 709 432 792 ἡ
456 710 521 774 ὑπὸ
549 719 616 773 τῶν
640 713 720 792 AN,
744 714 823 792 ΝΟ,
856 706 911 772 καὶ
934 712 1061 774 κείσθω
1086 715 1137 793 ίση

125 824 165 900 τῇ
188 819 251 879 ΕΖ
281 814 409 898 ηΝΟ,
439 813 494 879 καὶ
522 814 772 899 ἐπεζεύχθωσαν
800 816 837 879 αί
862 819 939 898 ΛΟ,
965 819 1054 899 OM,
1086 813 1139 880 οιαὶ

124 922 381 1008 περιγεγράφθω
396 919 471 1008 περὶ
485 922 522 987 τὸ
537 926 653 986 ΛΟΜ
665 926 830 1004 τρίγωνον
844 930 952 1006 τμημα
966 922 1004 986 τὸ
1019 926 1138 987 ΛΟΜ.

127 1031 216 1094 ἐσται
240 1029 281 1112 δὴ
304 1026 359 1092 καί
382 1027 402 1110 η
425 1030 508 1114 πρὸς
530 1038 576 1116 τῳ
597 1033 625 1093 0
648 1031 770 1115 σημείῳ
795 1031 900 1110 γωνία
924 1034 979 1112 ίση
997 1037 1039 1115 τῇ
1058 1029 1139 1114 πρὸς

125 1146 170 1223 τῳ
189 1141 221 1199 Ε
242 1144 281 1220 τῇ
304 1133 369 1199 ὑπὸ
392 1144 460 1198 τῶν
478 1138 592 1198 ΗΕΘ.
629 1137 676 1199 ἐτι
700 1135 887 1199 συνεστάτω
906 1136 990 1219 πρὸς
1008 1144 1050 1221 τῇ
1069 1139 1141 1200 AN

75 1257 107 1306 10
126 1242 242 1328 εὐθείᾳ
268 1238 323 1304 καὶ
351 1249 396 1327 τῶ
423 1241 507 1326 πρὸς
529 1240 612 1326 αὐτῇ
638 1244 760 1328 σημείῳ
784 1250 829 1328 τῶ
853 1246 892 1306 Ν
915 1250 955 1327 τῇ
981 1240 1049 1306 ὑπὸ
1073 1251 1138 1306 τῶν

124 1352 227 1412 ΑΖΕ
252 1350 357 1434 γωνία
386 1353 439 1430 ίση
467 1346 487 1430 ἡ
515 1348 579 1412 ὑπὸ
607 1359 674 1411 τῶν
699 1352 784 1430 AN,
808 1353 896 1431 NH,
928 1346 984 1412 καὶ
1013 1352 1137 1413 κείσθω

124 1464 163 1541 τῇ
186 1459 250 1519 ΕΖ
279 1461 332 1537 ίση
360 1453 380 1537 ἡ
403 1460 492 1538 ΝΠ,
520 1453 575 1519 καὶ
603 1453 851 1539 ἐπεζεύχθωσαν
879 1456 916 1519 αί
941 1459 1027 1538 ΛΠ,
1052 1459 1137 1537 ΠΜ,

124 1560 178 1626 καὶ
210 1563 467 1648 περιγεγράφθω
503 1559 579 1648 περὶ
611 1562 648 1627 τὸ
682 1565 713 1625 A
720 1567 759 1626 Π
762 1566 807 1626 Μ
833 1564 998 1648 τρίγωνον
1031 1570 1138 1646 τμῆμα

123 1670 246 1733 κύκλου
270 1670 307 1733 τὸ
327 1673 450 1733 ΛΠΜ.
488 1671 577 1733 ἐσται
601 1668 643 1752 δὴ
666 1665 721 1732 καί
744 1667 763 1750 ἡ
787 1669 870 1754 πρὸς
892 1677 937 1755 τῳ
957 1673 996 1732 Π
1015 1670 1136 1755 σημείῳ

73 1790 105 1838 15
124 1779 228 1858 γωνία
253 1782 305 1859 ίση
329 1784 369 1861 τῇ
386 1776 451 1840 ὑπὸ
471 1779 571 1840 ΑΕΒ
595 1778 708 1861 γωνίᾳ.
743 1773 811 1839 ἐπεὶ
830 1771 893 1840 οὖν
910 1778 1030 1858 μείζων
1050 1772 1136 1839 ἐστὶν

125 1882 144 1964 ἡ
167 1883 251 1966 πρὸς
273 1891 318 1968 τῳ
343 1881 451 1965 Ξτης
473 1884 555 1968 πρὸς
578 1892 622 1970 τῷ
648 1887 690 1965 0,
715 1880 786 1946 ἀλλ’
808 1882 828 1965 η
851 1878 912 1966 μὲν
934 1882 1018 1968 πρὸς
1042 1879 1140 1970 τῶΞ

36 2002 39 2008 ’
125 1991 246 2075 σημείῳ
275 1993 329 2070 ίση
358 1997 397 2073 τῇ
424 1987 489 2053 ὑπὸ
514 1992 627 2072 ΓΕΔ,
659 1987 680 2071 η
709 1985 745 2053 ὁέ
772 1989 855 2073 πρὸς
882 1997 927 2076 τῳ
954 1993 982 2053 0
1009 1997 1051 2074 τῇ
1073 1987 1136 2053 ὑπὸ

124 2097 243 2176 ΗΕΘ,
266 2096 385 2177 μείζων
408 2094 472 2178 άρα
495 2096 678 2179 φανήσεται
701 2093 721 2177 ἡ
746 2098 807 2159 ΓΔ
830 2103 888 2178 τῆς
910 2099 949 2159 Η
954 2098 990 2159 Θ.
1037 2093 1136 2159 πάλιν

125 2197 193 2264 ἐπεὶ
223 2199 243 2283 ἡ
270 2195 331 2284 μὲν
358 2200 441 2286 πρὸς
468 2209 513 2287 τῷ
540 2206 568 2266 O
596 2205 718 2289 σημείῳ
746 2204 851 2284 γωνία
879 2211 918 2286 τῇ
941 2200 1007 2265 ὑπὸ
1032 2205 1137 2266 ΗΕΘ

72 2319 106 2368 20
126 2305 216 2371 ἐστιν
239 2312 308 2389 ίση,
335 2305 355 2388 ἡ
380 2303 416 2370 δὲ
438 2308 521 2391 πρὸς
544 2317 589 2395 τῷ
613 2314 651 2373 Π
670 2318 710 2394 τῇ
733 2309 798 2374 ὑπὸ
822 2311 937 2391 ΑΕΒ,
961 2311 1082 2392 μείζων
1104 2304 1134 2372 δ’

123 2412 144 2496 η
167 2414 250 2497 πρὸς
272 2423 317 2501 τῳ
343 2418 371 2478 0
394 2422 452 2496 τῆς
473 2415 557 2501 πρὸς
580 2424 626 2502 τῳ
650 2420 698 2498 Π,
721 2418 840 2499 μείζων
862 2415 927 2500 άρα
949 2412 1005 2478 καὶ
1028 2413 1050 2498 ἡ
1072 2415 1135 2480 ὑπὸ

123 2524 230 2584 ΗΕΘ
257 2529 314 2604 της
335 2519 401 2584 ὑπὸ
425 2525 534 2585 ΑΕΒ.
581 2524 699 2605 μείζων
727 2524 791 2608 άρα
814 2523 996 2606 φανήσεται
1023 2521 1044 2604 η
1067 2524 1137 2586 ΗΘ

124 2635 181 2710 της
213 2631 288 2691 ΑΒ.
344 2637 460 2692 πασῶν
492 2630 555 2712 άρα
587 2638 654 2692 τῶν
686 2629 743 2692 διά
774 2635 834 2692 τοῦ
868 2631 895 2691 Ζ
928 2625 1137 2712 διαγομένων

124 2733 267 2798 εὐθειῶν
298 2731 353 2797 καί
380 2746 550 2799 ποιουσῶν
576 2736 659 2819 πρὸς
687 2745 725 2821 τῇ
753 2739 816 2799 ΕΖ
849 2736 973 2817 γωνίας
1000 2737 1136 2818 μεγίστη

70 2851 104 2902 25
123 2836 183 2923 μὲν
206 2839 392 2923 ὀφθήσεται
418 2839 439 2923 η
463 2844 538 2924 ΓΔ,
571 2840 722 2925 ἐλαχίστη
751 2837 788 2904 δέ
815 2839 835 2923 η
859 2844 940 2924 ΑΒ,
973 2838 1137 2906 διότικαὶ

123 2957 190 3011 τῶν
221 2947 304 3032 πρὸς
331 2955 377 3034 τῶ
405 2951 437 3010 Ε
466 2945 715 3031 συνισταμένων
744 2957 875 3029 γωνιῶν
907 2950 1045 3031 μεγίστη
1077 2946 1137 3032 μέν

124 3051 213 3118 ἐστιν
235 3052 256 3136 ἡ
279 3052 344 3117 ὑπὸ
369 3055 484 3136 ΓΕΔ,
512 3051 664 3136 ἐλαχίστη
692 3049 729 3117 δέ
751 3051 771 3134 ἡ
794 3051 860 3117 ὑπὸ
883 3057 1000 3137 ΑΕΒ,
1033 3064 1072 3140 τῇ
1101 3049 1136 3118 δέ

194 3288 218 3336 3.
246 3283 312 3354 τοῦ]
335 3280 367 3335 τό
390 3298 415 3335 V.
506 3284 531 3333 4.
560 3279 636 3350 AN]
665 3283 726 3333 ΛΗ
745 3279 775 3333 in
797 3296 850 3334 rae.
870 3279 903 3334 V.
997 3282 1043 3352 N]
1067 3281 1137 3350 πρὸς

123 3353 193 3423 αὐτῇ
211 3371 247 3406 m.
306 3352 374 3423 τῶν]
394 3369 446 3408 om.
462 3370 497 3406 m.
571 3356 595 3405 ὁ.
617 3355 647 3404 Η
652 3351 684 3422 Ζ]
707 3354 727 3404 Z
746 3367 760 3404 e
780 3367 848 3405 corr.
859 3350 923 3406 vat.
985 3355 1016 3405 H
1022 3356 1051 3420 Z,
1069 3353 1135 3424 ZE]

123 3426 243 3477 ΕΖΗΘ
263 3440 329 3478 corr.
349 3442 385 3478 m.
458 3432 512 3477 τῶν
532 3425 600 3490 AN,
616 3425 648 3475 Ν
652 3423 687 3494 0]
707 3425 770 3476 AN
774 3425 799 3476 O
816 3440 852 3476 m.
930 3418 1037 3477 κείσθω
1058 3456 1092 3465 -
1112 3429 1135 3478 6.

122 3490 171 3546 καί
185 3495 258 3566 (pr.)]
283 3511 335 3549 om.
355 3512 390 3549 m.
483 3499 506 3549 7.
530 3497 628 3549 ΛΟΜ
637 3495 710 3566 (pr.)]
734 3496 832 3549 ΛΕΜ
849 3511 874 3548 v.
965 3495 1092 3567 τριγώνῳ
1111 3512 1135 3550 V.
