2424 3944
483 189 714 241 CATOPTRICA.
1036 183 1101 248 299

90 342 198 424 [prop.
219 337 326 417 1].1
314 334 425 418 itaque
453 333 565 418 etiarn,
598 331 653 416 qui
682 331 836 415 relinquit
839 354 889 415 ur,
923 336 1043 406 LO=
1060 335 1103 394 Π.

89 466 192 530 quare
216 446 281 519 LP
294 446 373 516 >0
402 437 492 527 (narn
516 439 668 523 quoniam
696 443 761 514 LP
775 450 808 512 >
824 443 872 523 H,
900 437 1019 521 quippe
1048 437 1104 521 qui

89 551 293 618 extrinsecus
330 547 457 632 positus
495 546 554 630 sit,
595 551 800 621 LtII=
820 550 864 629 0,
905 545 968 608 crit
954 543 1103 608 tetiam

536 568 650 727 LPe>
666 648 722 738 0).
770 650 950 716 communis
974 649 1103 714 adiicia-

536 764 590 823 tur
619 765 640 834 L
660 762 764 822 OPZ.
823 779 900 843 ergo
935 761 1008 843 ΓΖ,
1031 761 1108 820 ΑΗ

413 949 424 958 -
536 866 576 929 ad
608 869 656 950 H,
684 869 711 928 Z
750 886 863 929 uersus
902 867 1102 930 concurrent.

534 972 620 1036 idem
644 976 753 1035 autem
776 972 846 1056 fiet,
869 972 968 1036 etiam
992 971 1019 1036 si

713 1083 781 1145 ΑΘ
799 1091 832 1151 >
853 1081 885 1143 Γ
885 1082 920 1142 Κ
923 1105 930 1163 3

536 1209 612 1251 nam
649 1183 1041 1266 LA-l-M>N-l-E
1072 1188 1104 1248 11

537 1301 557 1370 L
573 1298 611 1358 Π
620 1303 654 1367 >
671 1298 713 1378 0,
743 1296 773 1355 P
787 1303 821 1365 >
838 1297 874 1356 0.
921 1290 972 1354 sin

713 1403 782 1462 Ac
797 1409 831 1470 <
846 1400 923 1481 ΓΚ,

537 1507 648 1570 eadem
672 1506 710 1569 de
730 1526 826 1570 causa
849 1504 911 1568 erit
934 1510 954 1579 L
970 1508 998 1567 0
1013 1515 1046 1575 >
1062 1508 1104 1567 Π.

536 1635 651 1677 uerum
674 1618 695 1687 L
710 1616 740 1676 P
754 1622 786 1684 >
803 1616 844 1675 Π.
889 1610 999 1693 itaque
1022 1608 1105 1672 nihil

94 1717 216 1801 obstat,
230 1739 294 1800 quo
309 1716 416 1782 minus
431 1717 475 1782 sit
489 1725 509 1794 L
521 1723 633 1783 P=O
647 1718 701 1782 uel
716 1723 783 1790 P<
792 1723 828 1801 0,
842 1718 890 1781 ita
901 1720 938 1780 ut
952 1719 1032 1801 ΑΗ,
1043 1718 1104 1779 ΓΖ

93 1845 162 1887 non
190 1829 392 1888 concurrant.
443 1825 650 1889 manifestum
681 1829 731 1889 est
759 1829 881 1908 autem,
914 1823 982 1888 siue
1011 1844 1104 1886 arcus

94 1933 165 1994 ΑΘ
188 1951 263 1994 arcu
288 1933 355 1994 ΓΚ
379 1931 483 1995 maior
506 1931 550 1996 sit
573 1931 642 1996 siue
666 1931 823 2016 aequalis,
850 1935 1020 2014 punctum,
1048 1928 1105 1993 ubi

94 2036 177 2102 radii
211 2037 343 2102 refracti
377 2043 583 2123 concurrant,
619 2060 723 2122 neque
759 2039 795 2103 in
831 2037 956 2102 ambitu
994 2036 1105 2101 circuli

92 2166 198 2227 neque
222 2149 312 2208 extra
335 2167 409 2209 eum
431 2145 510 2230 fore,
534 2146 589 2210 sed
611 2145 700 2210 intra
722 2150 859 2211 tantum.

588 2362 616 2425 7.

160 2481 362 2547 Altitudines
382 2487 415 2547 11
433 2482 672 2566 profunditates
696 2483 732 2546 in
755 2482 893 2566 speculis
911 2482 1018 2565 planis
1038 2503 1105 2545 sur·

389 2612 424 2666 B
518 2611 590 2653 sum
614 2590 765 2653 deorsum
783 2610 896 2652 uersae
915 2588 1079 2670 adparent.

585 2712 629 2776 sit
661 2712 799 2776 altitudo
827 2716 921 2797 ΑΕ,
939 2712 1105 2795 speculum

518 2823 628 2989 {utem
641 2818 774 2902 planum
784 2822 858 2902 ΑΛ,
873 2818 984 2883 oculus
997 2822 1106 2882 autem

593 2925 735 2990 etradii
759 2928 829 3009 ΒΓ
850 2929 914 2990 ΒΔ
946 2925 986 2988 ad
1014 2928 1055 3002 E,
1075 2928 1110 2988 K

435 2930 658 3098 Aiifraeti.
717 3030 828 3116 itaque
860 3031 1004 3096 radiis
995 3054 1030 3095 1n
1062 3031 1106 3095 di-

519 3143 645 3204 rectum
681 3139 828 3223 product
819 3162 847 3203 rs
883 3143 914 3203 E
949 3143 1106 3223 punctum

520 3246 667 3328 superius
686 3246 721 3309 in
743 3249 771 3308 Θ
793 3246 926 3327 adparet
944 3244 1106 3332 inferiore,

519 3355 553 3416 K
565 3355 675 3416 autern
687 3350 823 3415 inferius
838 3351 873 3414 in
888 3356 915 3415 Z
932 3351 1106 3434 superiore.

96 3482 194 3544 qnare
219 3482 348 3526 sursum
371 3459 522 3523 deorsum
545 3481 658 3523 uersae
680 3459 842 3523 uidentur.
