2424 3944
128 180 195 245 230
337 184 548 237 01⁷r1com1
566 185 743 238 εοοονοιο
761 186 930 240 mssoms.

128 325 312 410 ἐπεζεύχθω
340 324 376 392 δὲ
404 327 525 410 ήΣΔ.
571 329 695 393 οὐκοῦν
724 335 777 412 ἴση
806 329 826 412 ἡ
852 334 885 394 Φ
911 334 1019 413 γωνία
1046 342 1087 419 τῇ
1110 337 1145 397 Σ

128 437 246 520 γωνία·
271 434 308 499 ἐν
330 436 394 519 γὰρ
417 445 462 522 τῷ
485 435 575 523 αὐτῷ
598 438 743 520 τμήματί
758 438 852 502 εἰσιν.
885 440 945 502 καί
960 435 1053 503 ἐστιν
1071 438 1092 521 ἡ
1111 443 1146 502 Σ

133 550 191 624 τῆς
217 545 245 604 Β
278 545 400 624 γωνίας
431 546 562 626 μείζων·
594 540 650 606 καὶ
677 542 697 625 ή
729 547 759 606 Φ
791 545 856 628 ἄρα
888 547 995 626 γωνία
1027 555 1086 629 τῆς
1114 550 1141 609 Β

127 649 245 730 μείζων
265 645 364 711 ἐστίν.
396 657 455 711 τοῦ
475 651 539 733 ἄρα
559 647 702 732 ὄμματος
721 646 774 713 ἐπὶ
792 658 852 714 τοῦ
868 655 896 714 Ζ
914 649 1014 727 ὄντος
1031 654 1142 736 μεῖζον

92 762 278 836 ὀφανεῖται
303 755 340 818 τὸ
364 757 434 818 ΚΔ
463 755 543 838 ήπερ
567 752 620 819 ἐπὶ
644 763 704 819 τοῦ
727 759 765 818 Β.

599 1001 666 1086 μεθ’.

198 1144 245 1206 Τὸ
266 1140 298 1205 δ’
312 1141 392 1206 αὐτὸ
407 1144 618 1226 συμβήσεται,
636 1142 699 1207 κίιν
712 1143 921 1229 παράλληλος
933 1139 955 1232 ᾖ
969 1144 990 1228 ἡ
1005 1149 1137 1232 γραμμή

126 1259 172 1336 τῷ
196 1248 352 1336 ὁρωμένῳ
376 1247 519 1332 μεγέθει,
542 1247 596 1333 ἐφ’
617 1244 656 1331 ής
678 1250 716 1314 τὸ
739 1252 827 1334 ὄμμα
850 1254 1057 1334 μεθίσταται.

194 1359 276 1420 ἔστω
300 1357 362 1440 γὰρ
386 1355 595 1440 παράλληλος
620 1355 637 1439 ἡ
662 1359 729 1420 ΒΓ
746 1366 792 1444 τῷ
815 1355 971 1446 ὁρωμένῳ
996 1369 1043 1447 τῷ
1062 1366 1097 1425 Δ
1103 1365 1138 1443 Ζ,

73 1472 107 1519 10
125 1460 181 1525 καὶ
205 1463 280 1545 δίχα
304 1464 476 1546 τετμήσθω
499 1461 519 1544 ἡ
542 1466 609 1525 ΔΖ
632 1463 714 1526 κατὰ
737 1463 774 1527 τὸ
797 1466 843 1546 Κ,
866 1463 950 1548 πρὸς
972 1464 1081 1547 ὀρθὰς
1103 1463 1138 1530 δὲ

126 1567 263 1652 ἀνήχθω
286 1568 306 1651 ή
330 1572 409 1633 ΚΝ.
455 1571 580 1633 κείσθω
600 1564 662 1633 οὖν
687 1570 724 1633 τὸ
744 1571 832 1653 ὄμμα
855 1567 908 1633 ἐπὶ
930 1579 990 1634 τοῦ
1015 1577 1060 1656 Ν,
1083 1571 1136 1637 καὶ

126 1675 376 1759 ἐπεζεύχθωσαν
400 1675 438 1739 αί
457 1679 536 1758 ΝΔ,
558 1679 642 1758 ΝΖ,
674 1672 749 1761 περὶ
778 1672 814 1740 δὲ
842 1678 903 1760 τήν
929 1682 996 1741 ΔΖ
1029 1689 1136 1764 τμῆμα

126 1783 323 1867 γεγράφθω,
355 1781 373 1847 ὃ
407 1780 531 1859 δέξεται
560 1782 622 1866 τήν
651 1786 697 1866 Φ,
720 1788 753 1846 A
781 1786 917 1865 γωνίαν.
973 1783 1045 1849 ἐπεὶ
1077 1781 1135 1851 οὖν

126 1889 300 1974 διάμετρός
331 1888 421 1952 ἐστιν
452 1887 473 1971 ή
501 1891 586 1971 ΚΝ,
617 1886 673 1953 καὶ
700 1889 784 1974 πρὸς
811 1888 917 1975 ὀρθὰς
948 1888 1006 1954 ἀπ’
1037 1893 1136 1977 ἄκρας

73 2004 106 2053 15
125 1990 220 2077 ήκται
243 1994 263 2077 ή
287 1998 362 2059 ΚΝ
380 2004 420 2080 τῇ
440 1998 512 2078 ΒΓ,
539 1994 560 2077 ἡ
579 1999 607 2059 Β
615 1998 647 2059 Γ
665 1996 729 2080 ἄρα
753 1995 929 2078 ἐφάπτεται
952 2006 1013 2061 τοῦ
1032 2002 1135 2063 ΛΝΖ

125 2103 299 2185 τμήματος.
354 2104 559 2185 μετακείσθω
594 2102 635 2185 δή
663 2102 700 2166 τὸ
729 2103 816 2185 ὄμμα
844 2100 897 2167 ἐπὶ
924 2111 984 2167 τοῦ
1011 2107 1052 2188 Γ,
1083 2101 1135 2168 καὶ

124 2209 452 2291 προσβεβλήσθωσοιν
480 2209 516 2271 αί
539 2211 613 2291 ΓΖ,
638 2212 714 2294 ΓΔ,
746 2208 930 2292 ἐπεζεύχθω
959 2206 996 2272 δὲ
1020 2207 1041 2291 ή
1064 2213 1134 2273 ΡΖ.

125 2313 249 2378 οὐκοῦν
274 2313 366 2397 λ’σηή
389 2318 429 2396 Φ,
444 2321 476 2379 A
498 2319 603 2397 γωνία
626 2323 665 2399 τή
685 2319 715 2378 Ρ
734 2317 847 2401 γωνίᾳ.
885 2311 962 2397 ἡδὲ
981 2319 1013 2378 Ρ
1031 2325 1089 2399 τής
1105 2319 1137 2380 Σ

125 2424 247 2503 γωνίας
269 2424 387 2505 μείζων
411 2420 513 2485 ἐστίν·
541 2424 659 2505 μείζων
682 2422 747 2506 ἄρα
769 2419 825 2485 καὶ
851 2420 872 2503 ἡ
899 2425 939 2504 Φ,
958 2426 991 2484 A
1014 2432 1073 2506 τῆς
1094 2427 1132 2487 Σ.

69 2536 106 2584 20
125 2528 165 2591 τὰ
188 2524 225 2592 δὲ
247 2528 311 2593 ὑπὸ
335 2530 482 2612 μείζονος
504 2531 627 2609 γωνίας
645 2527 797 2613 ὁρώμενα
815 2530 947 2611 μείζονα
968 2532 1132 2612 φαίνεται·

126 2637 235 2718 μεῖζον
263 2635 326 2719 ἄρα
350 2645 503 2717 φανεῖται
527 2635 563 2697 τὸ
587 2639 620 2697 Δ
627 2638 653 2697 Ζ
681 2643 741 2698 τοῦ
769 2637 913 2718 ὄμματος
941 2631 992 2698 ἐπὶ
1019 2644 1080 2699 τοῦ
1102 2638 1137 2699 Ν

124 2739 277 2824 κειμένου
304 2742 386 2825 ήπερ
411 2738 463 2804 ἐπὶ
487 2748 547 2803 τοῦ
571 2742 607 2804 Γ.
658 2749 718 2804 τοῦ
742 2741 807 2825 ἄρα
831 2743 975 2824 ὄμματος
1003 2739 1058 2805 ἐπὶ
1080 2750 1133 2824 τῆς

126 2850 193 2911 ΒΓ
214 2846 457 2931 μεθισταμένου
485 2848 698 2930 παραλλήλου
728 2848 829 2930 οὔσης
857 2856 896 2932 τῇ
923 2852 957 2910 Δ
964 2851 991 2910 Ζ
1020 2849 1133 2912 ἄνισον

123 2955 278 3036 φαίνεται
302 2952 338 3016 τὸ
362 2952 540 3037 ὁρώμενον.

196 3257 220 3304 2.
241 3251 292 3305 εἰσι
309 3269 336 3319 p.
418 3256 442 3304 3.
463 3250 535 3303 Ante
555 3255 577 3304 Β
595 3266 648 3304 τοο.
669 3256 684 3303 1
704 3249 759 3304 litt.
778 3251 812 3306 V.
890 3249 958 3322 ἄρα]
977 3250 1008 3304 in
1027 3268 1081 3305 ras,
1100 3250 1129 3304 V.

161 3328 185 3376 4.
206 3321 261 3375 ἐστί
279 3341 306 3390 p.
368 3326 392 3375 5.
413 3319 474 3392 ἐπί]
494 3338 577 3390 supra
597 3338 647 3376 scr.
666 3341 702 3377 m.
724 3329 737 3375 1
757 3322 790 3376 V.
846 3323 880 3393 Β]
901 3337 916 3375 e
935 3338 1005 3376 corr.
1021 3323 1054 3377 V.
1108 3326 1129 3374 6.

126 3394 186 3464 μεθ’]
207 3393 418 3461 voc¹Vp‚vm.
440 3399 467 3459 13
488 3393 624 3462 μήπω.
645 3398 669 3448 2.
735 3398 758 3446 7.
778 3385 808 3465 ᾖ]
828 3410 982 3461 suprascr.
1004 3394 1038 3448 V.
1093 3398 1130 3445 10.

125 3462 156 3517 δὲ
176 3464 305 3534 ἀνήχθω]
326 3461 482 3534 ὃιανοίχθω
501 3483 526 3518 ι’.
592 3470 634 3518 13.
653 3465 686 3535 A]
705 3466 806 3532 postea
824 3463 875 3544 inp.
896 3465 929 3518 V.
995 3471 1038 3520 15.
1058 3464 1130 3589 mg]

126 3540 154 3588 K
179 3552 193 3587 e
220 3551 288 3588 οοιτ.
312 3553 347 3589 m.
371 3551 424 3590 rec.
448 3536 481 3589 V.
592 3541 632 3589 16.
660 3536 722 3606 τοῦ]
750 3537 818 3588 mut.
847 3553 877 3588 m
904 3533 935 3590 τό
964 3553 1000 3591 m.
1025 3553 1079 3591 rec,
1125 3579 1131 3588 .
