2424 3944
121 163 188 229 264
553 167 709 219 SOHOLIA

493 343 545 408 Ad
567 366 658 429 prop.
680 343 767 408 XIX.

189 470 241 534 33.
273 467 343 534 Ἐπὶ
371 470 408 534 τὸ
432 474 461 534 Β
489 467 589 556 πέρας
615 493 645 554 p.
666 469 744 553 176,
770 468 824 553 16]
853 467 1137 555 μετακινουμένου

123 577 278 659 δηλονότι
302 575 321 658 ἢ
346 585 405 641 τοῦ
425 576 586 661 ἐνόπτρου
609 575 629 658 ἢ
648 585 708 640 τοῦ
727 575 885 662 δρῶντος·
909 576 1033 663 οὐγὰρ
1053 577 1138 641 κατὰ

122 683 259 767 πρώτην
282 684 383 765 τυχὸν
407 682 564 767 ἐπιβολὴν
586 692 644 766 τῆς
667 681 774 760 ὅψεως
796 681 868 747 κατ’
889 686 1035 768 ἔμφασιν
1058 683 1138 769 ὁρα-

89 791 262 870 ῡθήσεται
294 790 383 874 παρὰ
415 799 473 873 τῆς
500 788 606 867 ὅψεως
635 788 670 854 ἐν
697 799 743 876 τῷ
765 791 936 878 κατόπτρῳ
966 791 1003 855 τὸ
1031 792 1138 876 ἄκρον

122 904 183 959 τοῦ
205 895 321 972 ὕψους.

191 1020 242 1082 34.
277 1018 392 1094 Οὕτως
415 1020 478 1105 γὰρ
502 1018 668 1105 ἐνορῶμεν
691 1028 736 1106 τῷ
760 1018 922 1107 ἐσόπτρῳ,
948 1018 1010 1096 ἕως
1034 1016 1076 1085 οὗ
1100 1021 1137 1085 τὸ

125 1126 228 1210 ἄκρον
252 1124 288 1190 ἐν
311 1125 401 1212 αὐτῷ
424 1134 484 1190 τοῦ
508 1124 668 1201 δοθέντος
691 1123 854 1209 μεγέθους
877 1126 1008 1211 ἴδωμεν.

190 1250 241 1314 35.
275 1247 329 1314 'Ev
357 1261 426 1325 τοῖς
448 1254 688 1335 Κατοπτρικοῐς
715 1273 746 1333 p.
771 1250 848 1333 176,
874 1249 929 1334 18]
959 1249 1041 1334 φησὶ
1072 1253 1137 1337 γὰρ

73 1370 105 1418 10
124 1355 226 1420 ἐκεῖσε
240 1356 258 1421 δ
272 1356 456 1439 Εὐκλείδης
470 1356 587 1432 οὕτως·
611 1356 675 1420 ἀπὸ
693 1367 761 1420 τῶν
780 1355 943 1421 ἐπιπέδων
963 1356 1138 1444 ἐνόπτρων

122 1459 178 1526 καὶ
200 1473 332 1548 κυρτῶν
354 1459 409 1526 καὶ
427 1464 549 1526 κοίλων
567 1462 605 1525 αἱ
621 1460 715 1539 ὄψεις
738 1461 774 1527 ἐν
795 1469 880 1539 ἴσαις
899 1466 1037 1545 γωνίαις
1057 1464 1138 1530 ἀνα-

123 1573 274 1633 κλῶνται.

190 1675 320 1759 ἁρμόζει
353 1671 390 1738 δέ
417 1675 505 1762 αὐτῷ
538 1672 593 1738 καὶ
620 1675 657 1739 τὸ
685 1674 722 1740 ἐν
745 1687 815 1751 τοῖς
842 1675 932 1762 όροις
956 1686 1024 1739 τῶν
1047 1681 1138 1742 Κατ-

124 1792 289 1866 οπτρικῶν
321 1779 506 1867 εἰρημένον·
540 1780 702 1867 ἐνόπτρου
735 1780 890 1857 τεθέντος
922 1780 958 1845 ἐν
991 1781 1136 1871 ἐπιπέδῳ

71 1906 104 1954 15
122 1886 178 1951 καὶ
200 1889 240 1951 τὰ
263 1885 343 1970 ἑξῆς.
495 1975 547 2040 Ad
569 1998 651 2061 prop
683 1975 760 2040 XXI

191 2101 242 2165 36.
278 2098 462 2186 Ἐναρμόζω
490 2100 553 2186 γὰρ
586 2100 623 2165 ἐν
648 2111 694 2188 τῳ
722 2100 810 2189 μέσῳ
843 2102 1040 2187 διαστήματι
1070 2115 1137 2168 τῶν

124 2204 267 2270 ἀκτίνων
286 2205 427 2291 μέγεθος
445 2205 496 2271 ἀεὶ
516 2206 712 2293 ἐναρμόζων,
731 2207 792 2284 ἕως
806 2203 847 2272 οὗ
865 2208 922 2272 διὰ
940 2219 1009 2274 τῶν
1023 2210 1137 2296 ἄκρων

124 2311 228 2376 αὐτοῦ
252 2313 313 2377 ἴδω
337 2314 377 2377 τὰ
400 2315 484 2398 ἄκρα
507 2323 566 2379 τοῦ
590 2312 750 2390 δοθέντος
772 2313 943 2398 μεγέθους.

69 2508 103 2557 20
485 2490 537 2555 Ad
559 2513 649 2575 prop.
672 2489 775 2554 XXII.

190 2616 241 2679 37.
276 2615 364 2680 Οὐδὲ
387 2616 449 2702 γὰρ
479 2617 544 2700 ἅμα
567 2612 678 2698 βλέπει
701 2615 795 2699 ὅλον,
827 2615 883 2679 ἵνα
911 2621 1136 2701 συναίσθηται

124 2723 168 2799 ὡς
189 2731 390 2808 περιφεροῦς
412 2731 472 2786 τοῦ
496 2719 675 2808 δρωμένου.

195 2956 237 3004 33.
256 2950 320 3003 Vat.
339 2967 375 3003 m.
395 2955 420 3018 2,
439 2967 479 3004 rs.
566 2954 608 3002 34.
627 2948 937 3020 VVat.RFp(qrstu).
1026 2957 1068 3006 35.
1088 2952 1132 3007 V².

159 3027 200 3075 36.
220 3021 374 3089 VVatpr(
402 3023 419 3089 ).
498 3026 540 3073 37.
559 3020 623 3088 RF,
642 3020 706 3074 vat.
722 3038 757 3074 m.
773 3026 802 3089 2,
822 3023 887 3091 αδ).

194 3241 218 3290 6.
238 3231 327 3305 παρα]
346 3229 410 3301 περί
428 3249 451 3287 r.
522 3232 554 3286 τὸ
573 3231 673 3304 ἄκρον]
693 3250 718 3301 r,
746 3249 798 3286 om.
818 3234 910 3289 ναμε.
985 3239 1009 3288 6.
1029 3232 1120 3304 ὕφους

124 3305 215 3375 ὅψεως
233 3324 254 3359 r.
315 3312 337 3359 7.
358 3303 469 3374 σχόλιον
488 3304 551 3358 add.
571 3322 597 3372 p.
659 3302 756 3375 οὕτως]
777 3302 848 3359 οὕτω
866 3304 940 3374 ptR.
998 3304 1120 3379 ἐσόπτρῳ

123 3376 266 3450 κατόπτρῳ
285 3395 312 3444 p.
385 3380 409 3428 8.
430 3375 472 3446 ἐν]
492 3391 560 3428 corr.
581 3391 615 3428 ex
633 3373 646 3427 ἐ
664 3393 700 3429 m.
720 3381 735 3427 2
755 3375 788 3429 V.
851 3375 968 3444 εἴδωμεν
988 3376 1021 3431 V.
1093 3381 1130 3430 18.

123 3445 182 3519 ἀεί]
203 3464 255 3502 om.
275 3447 366 3501 θοόν.
423 3446 592 3517 ἐναρμόζων]
613 3462 666 3499 om.
680 3463 701 3514 r,
721 3445 773 3499 lac.
789 3446 896 3501 relicta..
955 3452 996 3501 19.
1018 3446 1084 3503 εἴδω
1100 3447 1131 3502 V.

159 3525 200 3573 ⁶21.
221 3517 303 3588 ὅλον]
317 3519 354 3579 ὡς
372 3518 401 3586 F,
422 3535 474 3572 om.
486 3518 550 3571 vat.
611 3523 652 3571 22.
672 3519 852 3590 περιφεροῦς]
872 3516 1054 3587 περιφερείας
1069 3519 1130 3574 vat.
