2424 3944
301 153 510 204 1111111111
528 153 706 204 1111111111
726 152 893 205 nunonis.
1041 148 1102 213 151

91 295 276 381 effluerent,
304 318 385 380 quae
409 318 539 361 sensum
560 301 710 361 nostrum
733 296 920 380 adficerent,
943 317 1106 378 quaenam

92 425 191 469 causa
220 407 283 488 est,
315 426 372 468 cur
399 404 441 487 is,
474 403 530 487 qui
558 425 651 467 acum
679 402 804 486 quaerit
827 402 1105 486 librumque-per·

91 510 219 595 lustrat,
242 532 335 575 acum
359 531 533 593 omnesque
556 509 683 573 litteras
701 530 768 572 non
786 509 987 592 conspiciat?
1022 531 1102 574 num

93 617 182 701 quod
214 617 412 702 cogitatione
449 616 616 681 districtus
654 616 722 680 sit?
782 620 817 679 at
849 615 948 680 etiam
978 616 1104 679 adtenti

94 728 253 807 quaerunt
271 728 304 788 11
319 724 422 788 nihilo
441 724 548 787 minus
567 745 700 807 prorsus
719 745 786 786 non
803 722 985 807 inueniunt,
1009 743 1104 805 saepe

93 852 173 895 uero
211 851 280 894 cum
312 830 384 894 aliis
418 829 638 914 colloquentes
676 833 709 893 et
746 828 945 914 cogitatione
980 828 1105 892 diducti

91 936 230 1002 celerius
250 937 430 1001 inueniunt.
467 958 508 1000 an
531 958 597 1000 non
621 957 732 1000 omnes
755 934 914 1020 imagines
937 935 972 998 in
995 938 1104 998 uisum

90 1044 285 1128 penetrant?
322 1047 356 1108 at
375 1065 534 1127 quaenam
553 1065 649 1107 causa
671 1047 730 1127 est,
749 1065 805 1108 cur
825 1065 889 1126 eae,
910 1064 991 1126 quae
1009 1065 1106 1125 pene·

91 1154 196 1234 trant,
230 1150 429 1236 seligantur?
482 1154 649 1234 praeterea
675 1149 861 1234 dictitabat,
892 1153 1044 1213 naturam
1071 1149 1106 1212 in

91 1252 285 1320 animalibus
314 1257 378 1322 alia
399 1257 705 1339 instrumentorum,
733 1256 850 1339 quibus
876 1256 1034 1340 sentiant,
1066 1256 1106 1319 ad

89 1361 310 1446 recipiendum
334 1367 412 1446 apta
435 1384 648 1447 comparasse,
671 1363 735 1426 alia
753 1383 821 1426 non
839 1365 923 1445 apta.
961 1384 1039 1425 nam
1056 1362 1105 1426 in-

91 1474 275 1534 strumenta
298 1469 456 1552 audiendi,
479 1468 633 1553 sapiendi,
661 1469 816 1533 odorandi
838 1468 1001 1532 introrsus
1026 1491 1106 1533 caua

90 1576 310 1660 comparauit,
335 1580 371 1639 ut
390 1574 589 1639 extrinsecus
614 1576 655 1639 ad
678 1597 716 1639 ea
739 1573 932 1658 corpuscula
955 1574 1106 1639 adcidant

91 1682 133 1746 ad
167 1703 279 1746 sensus
309 1681 382 1745 illos
411 1681 597 1745 monendos.
648 1703 724 1745 nam
752 1701 817 1744 uox
845 1679 885 1744 ad
914 1702 1026 1745 aurem
1054 1682 1107 1745 ad·

90 1788 204 1853 cidens
220 1787 329 1852 locum
349 1793 461 1871 aptum
478 1787 624 1851 inuenire
643 1787 790 1873 debebat,
809 1792 846 1851 ut
864 1793 1010 1852 maneret
1023 1810 1106 1852 neue

88 1895 126 1959 in
151 1894 327 1970 adcidendo
355 1894 466 1958 statim
493 1894 622 1977 repulsa
651 1916 781 1958 sensum
808 1894 982 1959 immotum
1010 1895 1105 1959 relin-

90 2005 206 2086 queret
234 2023 408 2084 uocemque
436 2002 578 2065 adlatam
605 2001 823 2066 confunderet.
879 2006 911 2066 et
940 2002 977 2066 de
1006 2024 1103 2067 sensu

89 2108 247 2173 odorandi
275 2108 432 2173 similiter.
482 2131 558 2173 nam
587 2109 626 2173 de
655 2108 808 2192 sapiendo
838 2109 916 2193 quid
944 2131 1024 2193 opus
1055 2115 1105 2174 est

89 2214 147 2279 uel
169 2215 305 2279 uerbum
327 2215 455 2279 facere?
493 2237 591 2299 quare
611 2215 710 2280 etiam
728 2216 808 2280 haec
827 2216 966 2280 maxime
985 2217 1105 2281 instru-

88 2326 202 2386 menta
230 2321 389 2386 sentiendi
419 2344 499 2387 caua
531 2326 563 2386 11
591 2322 738 2386 cauernis
771 2322 891 2386 similia
919 2326 1106 2407 comparata

90 2432 178 2513 sunt,
204 2432 240 2491 ut
264 2449 399 2512 corpora
422 2429 604 2493 adcidentia
627 2427 748 2494 diutius
771 2434 948 2493 manerent.
994 2430 1104 2512 itaque

88 2536 203 2600 uisum
221 2556 359 2619 quoque,
377 2535 405 2598 si
425 2556 568 2619 corpora,
592 2557 766 2618 quaecum
786 2540 962 2619 mouerent,
987 2535 1106 2599 extrin-

79 2663 185 2707 -secus
218 2641 402 2705 adciderent
439 2662 499 2706 nec
530 2641 599 2725 ipse
637 2663 676 2705 ex
711 2663 745 2705 se
778 2640 900 2724 aliquid
932 2642 1105 2727 emitteret,

87 2770 210 2814 cauum
238 2752 462 2831 comparatum
490 2769 560 2812 1111
587 2770 718 2812 1111111
747 2752 816 2812 1111
844 2752 877 2812 11
906 2748 946 2812 ad
969 2770 1106 2832 corpora

88 2853 276 2919 adcidentia
299 2853 482 2938 recipienda
506 2859 627 2939 aptum.
672 2877 758 2919 nunc
782 2876 859 2919 uero
883 2854 946 2919 hoc
968 2876 1035 2918 non
1057 2854 1105 2918 ita

88 2983 164 3026 1111
187 2961 333 3043 adparet,
362 2960 418 3024 1111
441 2961 550 3043 potius
575 2962 729 3044 sphaerae
758 2961 874 3026 similis
899 2961 1010 3025 oculus
1034 2982 1104 3025 esse

91 3066 247 3132 cernitur.

89 3294 142 3348 sed
162 3311 231 3348 corr.
299 3300 340 3348 19.
361 3294 473 3366 αἱ]111.
493 3313 528 3347 m.
548 3311 601 3350 rec.
621 3296 654 3350 V.
746 3301 787 3348 21.
812 3291 927 3350 πλείονα
946 3293 1049 3365 χρόνον
1068 3313 1104 3349 m.

88 3382 146 3420 reo.
166 3365 199 3419 V.
280 3365 617 3434 21.ἤπ1ρ1,11111111.
691 3363 876 3434 προσέπιπτεν
895 3366 928 3419 V.
1002 3371 1043 3419 23.
1063 3365 1105 3430 ἐξ·

88 3434 257 3491 απέστελλεν
275 3437 331 3490 Vr.
389 3437 457 3490 Post
476 3435 575 3506 ἑαυτῆς
594 3437 658 3491 add.
678 3437 747 3505 πρὸς
761 3434 912 3507 ἀντίληψιν
926 3446 981 3492 τῶν
996 3437 1104 3505 ὁρατῶν

88 3527 127 3562 m.
142 3524 198 3562 rec.
218 3508 251 3561 V.
316 3513 358 3561 26.
379 3507 447 3578 ἔχων
466 3526 492 3576 v,
512 3508 561 3562 sed
580 3525 648 3562 corr.
708 3510 895 3578 σφαιροειδεῖς
912 3527 938 3578 v,
959 3507 1015 3563 sed.
1035 3525 1104 3564 corr.
