2424 3944
397 128 568 179 cucumis
587 128 725 180 onnon.
1024 126 1067 191 29

51 272 165 336 cidens
193 271 333 336 termino
361 293 383 335 a
409 262 642 356 magnitudinis
671 275 703 334 ct
729 271 939 355 protrahatur
966 293 1068 354 usque

51 379 94 443 ad
115 378 256 442 oculum.
293 378 337 442 sit
355 381 465 442 autem
483 377 599 441 umbra
616 377 659 441 db
679 377 859 441 altitudinis
879 378 930 462 ab,
952 378 1069 442 iaceat-

51 507 116 569 que
146 485 249 549 altera
277 484 443 568 quantitas
467 503 504 549 er
531 483 702 548 concidens
729 484 819 547 radio
846 505 912 548 non
936 485 1067 548 omnino

51 591 240 655 illuminata
262 591 303 654 ab
327 612 365 654 eo
390 590 606 655 secunduma
633 589 817 654 terminum.
864 594 994 674 aptatus
1018 596 1068 655 est

51 718 133 783 ergo
153 701 191 761 ut
209 697 280 761 aba
295 697 427 781 trigono
448 696 529 760 alter
547 695 697 781 trigonus
712 697 782 760 ead.
819 701 869 760 est
887 718 965 781 ergo
985 697 1069 760 sicut
1106 709 1121 757 5

50 806 94 869 de
123 805 165 868 ad
189 824 242 890 ae,
263 804 312 867 ita
334 803 377 866 db
400 803 441 865 ad
463 803 516 866 ba.
562 803 618 866 sed
640 804 681 867 de
705 803 744 866 ad
767 822 804 868 er
825 804 995 887 proportio
1019 808 1069 868 est
1105 799 1111 808 ’

50 915 141 974 nota.
187 914 221 975 et
244 910 287 974 ab
310 930 389 994 ergo
413 909 453 972 ad
476 909 520 972 ba
546 909 714 992 proportio
743 913 793 972 est
819 913 907 973 nota.
953 908 1069 974 notum

53 1020 167 1081 autem
189 1017 241 1081 db.
288 1036 365 1099 ergo
390 1020 422 1079 et
445 1015 496 1079 ub.

123 1227 200 1291 Non
223 1227 382 1291 existente
407 1228 473 1292 sole
498 1229 607 1292 datam
631 1227 849 1313 altitudinem,
872 1233 993 1312 quanta
1017 1231 1069 1315 sit,

50 1356 261 1420 cognoscere.
1088 1349 1121 1396 10

123 1444 194 1505 esto
218 1441 357 1504 altitudo
376 1441 430 1525 ab,
453 1441 564 1505 oculus
588 1462 665 1505 uero
690 1442 733 1506 sit
753 1464 783 1526 9,
806 1446 839 1506 et
863 1443 906 1506 sit
924 1443 1070 1527 proposi-

48 1554 127 1613 tum
154 1548 198 1612 ab
226 1565 436 1632 cognoscere,
468 1550 590 1629 quanta
622 1546 679 1631 sit,
711 1547 779 1611 sole
807 1569 874 1610 non
901 1549 1068 1613 existente.

628 1653 733 1717 iaceat
758 1654 924 1738 speculum
947 1658 1005 1740 da,
1037 1662 1069 1720 et

630 1759 789 1824 adiciatur
811 1764 918 1825 rectae
936 1763 1029 1826 edin
1049 1765 1072 1827 d

628 1871 750 1950 puncto
791 1867 847 1931 ab.
910 1869 1068 1934 terminus
1089 1878 1121 1926 15

630 1973 699 2036 eius
745 1974 961 2060 coniungatur
1004 1981 1070 2040 ter-

629 2080 718 2144 mino
736 2081 928 2166 quantitatis
942 2084 995 2168 ab,
1014 2084 1070 2167 qui

630 2190 680 2250 est
702 2187 733 2270 b,
756 2192 789 2252 et
812 2189 937 2253 accidat
960 2191 1069 2255 radius

629 2293 670 2357 ab
703 2294 797 2359 oculo
824 2316 845 2376 p
870 2298 922 2380 pi,
954 2301 987 2360 et
1023 2320 1070 2361 re-

49 2406 221 2490 fringatur
243 2401 400 2467 terminus
425 2401 493 2466 eius
521 2406 554 2465 et
578 2401 794 2485 coniungatur
817 2401 956 2465 termino
982 2425 1003 2466 a
1025 2405 1068 2467 ab
1088 2412 1122 2460 20

50 2507 307 2596 magnitudinis,
338 2512 371 2573 et
403 2507 561 2572 adiciatur
588 2511 695 2571 rectae
723 2509 763 2571 dc
792 2511 882 2571 recta
909 2513 948 2572 et
1006 2513 1069 2572 tra·

130 2743 154 2793 5.
170 2738 213 2808 ut]
228 2754 278 2792 scr.
293 2735 331 2790 in.
388 2741 412 2789 6.
432 2736 656 2806 dc(utrumqac)]
675 2751 688 2788 e
706 2736 738 2788 ia
750 2751 805 2790 rus,
819 2735 857 2789 D.
915 2741 956 2789 13.
977 2736 1069 2806 Supra

53 2809 206 2880 speculum
224 2809 288 2862 odd.
306 2807 424 2876 planum
442 2806 480 2860 D.
552 2811 593 2859 19.
614 2805 705 2859 oculio
724 2806 762 2872 D,
781 2808 827 2860 sed
845 2823 912 2862 corr.
978 2814 1020 2861 20.
1039 2809 1068 2879 o]

48 2900 124 2938 corr.
144 2897 179 2936 ex
197 2881 235 2934 ab
255 2879 292 2933 D.
366 2883 408 2931 21.
427 2877 517 2947 recta]
537 2895 605 2932 corr.
625 2895 658 2932 ec
675 2879 751 2930 recte
770 2877 808 2932 D.

91 3133 137 3182 18.
157 3124 278 3196 μέγεθος
295 3145 331 3181 m.
406 3131 447 3180 19.
468 3123 524 3180 ἐστί
541 3144 567 3180 v,
640 3132 682 3180 20.
702 3127 750 3198 ὡς]
770 3144 822 3180 om.
842 3127 896 3195 Bv,
916 3146 951 3181 m.
971 3134 987 3180 2
1004 3129 1068 3183 Vat.

88 3207 142 3254 τοῦ
161 3195 241 3268 ἡλίου
260 3215 295 3251 m.
355 3202 398 3251 22.
418 3199 542 3268 συμβαλῇ
561 3197 595 3266 V,
615 3197 664 3250 sed
683 3214 765 3264 corr.;
785 3197 924 3271 συμβάλλῃ
944 3199 1069 3255 BVat.v.

89 3271 161 3324 Post
181 3273 203 3322 Β
222 3267 275 3323 del.
290 3267 339 3322 aul
353 3268 604 3339 προσεκβεβλήσθω
622 3277 655 3339 τῇ
670 3274 696 3322 Δ
703 3273 727 3321 Ε
744 3269 762 3338 ἡ
778 3273 834 3324 ΕΘ
853 3270 884 3325 Β.
939 3277 981 3327 24.
999 3273 1070 3327 ἀνα-

50 3339 205 3398 κεκλάσθω
224 3340 246 3392 Β
266 3342 295 3393 et
312 3339 386 3408 vat,
406 3339 456 3392 sed
475 3356 556 3406 corn,
576 3340 780 3407 ἀνακεκλήσθω
798 3359 823 3394 v.
897 3360 950 3413 συμ
969 3347 1022 3417 cip
1036 3345 1069 3413 V,

51 3413 105 3468 scd
125 3428 209 3478 corr.;
228 3408 373 3535 oopddttp,
388 3411 511 3464 BVat.v.
576 3415 618 3465 25.
638 3412 699 3481 ΑΒ]
719 3427 787 3465 corr.
808 3429 841 3466 ex
860 3419 913 3468 ΔΒ
959 3459 965 3469 .
1027 3422 1069 3470 26.

49 3484 163 3555 cor-n
183 3499 267 3552 supra
282 3499 332 3536 ser.
