2424 3944
151 171 215 236 236
358 173 568 226 ονιιοοιιυιι
585 170 765 224 Βεοευειο
782 168 951 221 morus,

150 318 236 401 ἡΚ,
265 325 304 402 τῇ
332 313 369 381 δὲ
392 320 457 380 ΛΖ
485 321 540 399 λση
567 318 649 381 ἐστω
676 313 697 397 ἡ
720 317 797 397 ΒΓ,
828 310 885 377 καὶ
911 308 989 397 περὶ
1018 312 1084 395 τὴν
1106 313 1166 376 ΒΓ

150 423 407 509 περιγεγράφθω
440 431 562 507 τμῆμα,
595 421 613 487 ὃ
646 420 771 499 δέξεται
801 421 864 504 τὴν
894 427 953 502 τῆς
978 420 1016 482 Κ
1044 419 1163 500 γωνίας

151 529 311 614 ἡμίσειαν.
366 529 489 593 οὐκοῦν
516 529 537 612 ἡ
564 532 599 592 Κ
628 531 732 610 γωνία
760 527 919 592 διπλασία
946 520 1018 590 ἐστὶ
1050 533 1110 608 τῆς
1134 529 1164 588 Δ

152 640 282 718 γωνίας.
335 636 492 700 διπλασία
519 637 583 721 ἀρα
606 639 760 718 φαίνεται
784 634 804 717 ἡ
829 637 893 697 ΛΖ
921 640 981 715 τῆς
1009 633 1080 696 ΒΓ
1102 641 1162 695 τῶν

117 760 133 806 5
152 742 308 827 ὀμμάτων
331 740 384 806 ἐπὶ
406 752 473 806 τῶν
497 745 568 806 ΛΚ
572 746 614 825 Ζ,
634 745 734 806 ΒΑΓ
752 750 974 826 περιφερειῶν
997 736 1161 822 κειμένων.

225 1171 299 1232 Τῶν
319 1172 379 1252 ἐσφ
394 1166 482 1250 τάχει
498 1165 692 1251 φερομένων
709 1163 765 1231 καὶ
780 1164 833 1231 ε’πὶ
847 1174 904 1250 τῆς
918 1165 1023 1250 αὐτῆς
1035 1165 1161 1240 εὐθείας

154 1276 261 1339 ὄντων
289 1275 498 1359 προσιόντων
530 1269 590 1357 μὲν
621 1274 705 1357 πρὸς
731 1273 769 1337 τὸ
797 1275 884 1357 ὄμμα
911 1273 949 1337 τὸ
977 1278 1161 1338 τελευταῖον

153 1386 374 1466 προηγεῖσθαι
406 1377 509 1462 δόξει,
542 1377 823 1464 παραλλαξάντων
854 1375 891 1443 δὲ
923 1380 961 1444 τὸ
995 1375 1057 1463 μὲν
1088 1400 1160 1464 προ

103 1501 136 1549 10
154 1489 339 1572 ηγούμενον
375 1485 630 1569 ἐπακολουθεῖν,
662 1487 699 1550 τὸ
733 1482 769 1550 δὲ
801 1485 1059 1550 ἐπακολουθοῦν
1089 1507 1160 1571 προ

154 1600 307 1677 ηγεῖσθαι
331 1591 428 1671 δόξει.

221 1717 375 1802 φερέσθω
399 1719 462 1803 γὰρ
487 1720 646 1802 ἰσοταχῶς
669 1718 709 1781 τά
732 1721 760 1780 Β
768 1720 805 1800 Γ,
823 1722 856 1780 Δ
863 1720 905 1799 Ζ,
924 1719 1005 1800 ΚΛ,
1027 1714 1085 1782 καὶ
1105 1715 1159 1781 ἀπὸ

154 1834 215 1888 τοῦ
234 1829 278 1888 Μ
295 1826 439 1908 ὄμματος
461 1822 754 1910 προσπιπτέτωσαν
778 1822 907 1899 ἀκτῖνες
930 1824 967 1887 αί
983 1825 1069 1907 ΜΓ,
1087 1825 1160 1903 ΜΖ,

155 1935 240 1995 ΜΛ.
278 1930 402 1995 οὐκοῦν
420 1931 643 2014 μετεωροτάτη
663 1928 731 1994 ἐστὶ
750 1928 804 1994 καὶ
824 1927 1000 2010 δεξιωτέρα
1018 1942 1087 1995 τῶν
1104 1928 1158 1993 ἀπὸ

103 2051 136 2098 15
156 2045 216 2101 τοῦ
240 2039 384 2120 ὄμματος
412 2035 555 2100 ἀκτίνων
582 2048 862 2121 προσπιπτουσῶν
885 2035 905 2118 ἡ
930 2038 1020 2100 ΜΓ·
1044 2037 1083 2101 τὸ
1105 2037 1159 2119 ἀρα

156 2146 223 2206 ΒΓ
246 2140 333 2218 δόξει
361 2148 591 2227 προηγεῖσθαι.
641 2140 921 2228 παραλλαξάντων
945 2139 982 2206 δέ
1005 2153 1074 2208 τῶν
1096 2143 1159 2223 ΒΓ,

156 2252 237 2331 ΛΖ,
257 2251 324 2312 ΚΛ
346 2246 401 2312 καὶ
420 2248 473 2313 ἐπὶ
491 2260 558 2314 τῶν
577 2254 615 2314 Ν
617 2249 658 2333 Ξ,
677 2254 752 2332 ΠΡ,
772 2253 844 2314 ΣΤ
861 2246 1051 2332 γενομένων
1069 2263 1159 2333 προσ-

155 2353 363 2419 πιπτέτωσαν
382 2355 511 2432 ἀκτῖνες
529 2357 566 2420 αί
582 2360 671 2440 ΜΝ,
685 2360 773 2439 ΜΠ,
788 2360 873 2420 ΜΣ.
910 2355 1037 2420 οὐκοῦν
1054 2365 1159 2420 πασῶν

155 2472 223 2525 τῶν
246 2461 310 2526 ἀπὸ
334 2471 394 2526 τοῦ
418 2464 562 2547 ὄμματος
585 2461 729 2526 ἀκτίνων
754 2474 1036 2548 προσπιπτουσῶν
1060 2460 1159 2540 δεξιω

103 2581 137 2630 20
155 2566 233 2652 τέρα
256 2566 347 2633 ἐστίν
368 2568 389 2652 ἡ
412 2573 503 2652 ΜΣ,
532 2567 688 2654 ἀριστερά
711 2565 748 2633 δὲ
770 2573 896 2653 μᾶλλον
919 2566 939 2650 ἡ
963 2573 1059 2633 ΜΝ·
1088 2569 1159 2632 ὥστε

155 2672 210 2738 καὶ
238 2675 274 2738 τὸ
302 2672 363 2759 μὲν
390 2678 463 2739 ΣΤ
485 2680 706 2760 προηγεῖσθαι
736 2672 838 2758 δόξει,
866 2668 1158 2740 ἐπακολουθεῖνδέ

156 2781 193 2844 τὸ
216 2780 292 2853 ΝΞ.
338 2782 375 2845 τὸ
399 2778 459 2864 μὲν
487 2782 551 2866 ἀρα
574 2784 642 2845 ΒΓ
664 2783 917 2867 προηγούμενον
942 2779 996 2846 ἐπὶ
1018 2790 1079 2846 τοῦ
1101 2776 1161 2852 ΝΞ

156 2889 335 2970 γενόμενον
349 2884 436 2964 δόξει
451 2886 702 2971 ἐπακολουθεῖν,
720 2889 758 2952 τὸ
777 2884 813 2952 δὲ
828 2891 900 2952 ΛΚ
915 2887 1157 2952 ἐπακολουθοῦν

158 2990 209 3057 ἐπὶ
233 3001 292 3056 τοῦ
316 2996 389 3056 ΣΤ
406 2996 586 3077 γενόμενον
609 2992 697 3072 δόξει
719 3000 948 3081 προηγεῖσθαι.

154 3182 354 3190 ——-—-———·-
357 3183 368 3187 -

227 3316 251 3364 3.
272 3308 346 3365 ἐστίν
365 3327 390 3364 v.
464 3315 488 3365 6.
508 3310 575 3382 τοῖ’]
595 3312 637 3376 νζ’
652 3331 684 3380 p3
707 3311 754 3370 νς’
770 3312 803 3381 V,
822 3329 858 3365 m.
875 3316 889 3364 1
904 3329 935 3378 v;
960 3310 1007 3380 νγ’
1023 3329 1059 3364 m.
1073 3325 1123 3364 rec.
1135 3323 1156 3359 v.

192 3385 216 3435 8.
235 3379 378 3436 τελευτέον
397 3381 430 3436 V.
509 3386 549 3436 13.
570 3384 617 3454 Μ]
638 3399 791 3452 suprascr.
811 3400 847 3436 m.
868 3389 881 3435 1
902 3382 935 3436 V.
1015 3387 1057 3438 14.
1076 3397 1156 3451 μετει-

154 3449 272 3577 1ριωτηίτη,
287 3454 321 3523 V,
350 3469 418 3507 corr.
442 3470 477 3506 m.
496 3469 565 3520 rec.;
593 3452 776 3524 μετεοροτάτη
799 3472 824 3508 v.
934 3459 977 3508 23.
1001 3453 1089 3525 δόξει]
1110 3466 1156 3518 mg.

72 3570 212 3696 λ
