2424 3944
127 180 191 242 114
465 179 635 232 ωοοιιοιε
654 179 791 233 οντιοι.

125 327 162 390 αί
177 330 210 388 Α
216 329 254 408 Ζ,
270 329 335 388 ΖΛ
354 335 420 389 τῶν
440 328 512 407 ΖΒ,
528 327 592 387 ΖΕ
613 321 774 388 ε’λάσσονα
793 325 919 404 γωνίαν
937 321 1138 409 περιέχουσι,

125 435 234 515 μεῖζον
262 432 326 516 ἀρα
352 432 389 495 τὸ
414 435 480 495 ΒΕ
505 439 564 495 τοῦ
588 435 658 494 ΑΛ
684 426 845 512 βλέπεται.
897 429 956 494 ε’διν
985 432 1050 516 ἀρα
1077 432 1139 514 τὴν

126 543 191 602 ΖΕ
212 538 328 602 ἀκτῖνα
345 536 619 622 προσεκβάλωμεν
639 534 688 600 ἐπ’

48 666 51 671 ·
124 645 267 726 εὐθείας,
291 643 341 708 ότι
365 641 418 707 ἐπὶ
440 655 507 708 τῶν
529 645 687 728 ἰσοταχῶς
805 716 810 726 ‚

88 749 317 836 ὀφερομίνων
346 751 382 815 τὸ
410 746 470 833 μὲν
493 754 521 814 Β
550 748 603 814 ἐπὶ
629 759 687 834 τῆς

126 861 189 921 ΖΕ
210 855 341 931 ἀκτῖνος
360 857 406 940 είς
423 854 577 921 κωλνθὲν
593 857 687 922 ὑστε-

123 975 176 1049 ρεῖ
205 965 269 1049 ἀρα
299 974 366 1027 τῶν
399 965 558 1047 ἰσοταχῶς
589 988 686 1050 φερο-

123 1068 232 1154 μένων
255 1070 295 1133 τά
315 1072 428 1155 πόρρω
452 1070 545 1135 δοκεῖ
562 1072 688 1156 βραδό-·

122 1199 219 1262 τερον
242 1173 413 1261 φέρεσθαι.

71 1402 105 1450 10
547 1389 702 1470 Ἄλλως.
813 1376 817 1386 ’

192 1510 352 1599 Φερέσθω
385 1514 446 1578 δύο
479 1526 596 1598 σημεῖα
627 1515 667 1579 τά
697 1520 795 1600 Α,Β
828 1514 882 1581 ἐπὶ
914 1518 1136 1601 παραλλήλων

123 1619 266 1685 εὐθειῶν
289 1632 355 1685 τῶν
378 1625 452 1703 ΑΔ,
472 1624 537 1709 ΒΕ
567 1621 710 1705 ὁμαλῶς·
742 1623 800 1698 τάς
829 1628 901 1698 ίσας
924 1624 988 1708 ἀρα
1015 1622 1051 1688 ἐν
1076 1629 1134 1710 ίσρι

123 1729 233 1813 χρόνῳ
263 1710 496 1791 διελεύσονται.
543 1729 690 1792 ἔστωσαν
718 1724 780 1794 οὖν
809 1734 877 1792 λ’σαι
905 1729 942 1793 αί
962 1735 1038 1812 ΑΔ,
1063 1733 1135 1813 ΒΕ,

122 1830 178 1896 καλ
204 1831 499 1918 προσπιπτέτωσαν
528 1832 657 1910 ἀκτῖνες
689 1833 752 1899 ἀπὸ
780 1844 840 1899 τοῦ
869 1840 896 1899 Ζ
929 1836 1075 1919 ὄμματος
1102 1836 1139 1899 αλ

72 1952 104 2000 15
126 1943 204 2021 ZA,
229 1943 300 2022 ΖΔ,
325 1942 400 2021 ΖΒ,
425 1943 496 2002 ΖΕ.
544 1937 612 2004 ἐπεὶ
640 1936 702 2006 οὖν
730 1941 873 2006 ἐλάττων
901 1940 921 2024 ἡ
944 1941 1010 2006 ὑπὸ
1036 1947 1135 2006 ΑΖΔ

124 2054 181 2129 τῆς
202 2045 268 2110 ὑπὸ
292 2049 392 2109 ΒΖΕ
412 2048 550 2129 γωνίας,
578 2050 714 2113 ἔλαττον
737 2049 801 2134 ἀρα
823 2050 860 2113 τὸ
883 2053 949 2112 ΑΔ
973 2049 1136 2133 διάστημα

124 2160 183 2215 τοῦ
217 2155 282 2215 ΒΕ
312 2153 501 2236 φανήσεται.
563 2155 646 2220 ὥστε
678 2154 764 2233 δόξει
797 2156 833 2220 τὸ
866 2159 898 2218 Α
929 2156 1136 2240 βραδύτερον

124 2255 295 2344 φέρεσθαι.

600 2426 659 2467 νε.

71 2536 106 2585 20
196 2529 263 2591 Τοῦ
291 2528 434 2610 ὄμματος
460 2525 632 2611 μένοντος,
660 2539 727 2593 τῶν
755 2525 793 2593 δὲ
814 2530 923 2606 ὄψεων
945 2547 1134 2614 παραφερο

124 2630 247 2716 μένων,
270 2634 311 2698 τά
333 2636 446 2719 πόρρω
470 2644 538 2698 τῶν
561 2632 738 2720 ὁρωμένων
760 2637 1016 2699 καταλείπεσθαι
1038 2632 1134 2713 δόξει.

190 2740 272 2803 ἔστω
296 2739 447 2823 ὁρώμενα
469 2740 509 2804 τά
528 2745 570 2823 Α,
588 2744 620 2805 Γ
639 2739 691 2806 ἐπὶ
710 2741 852 2807 εὐθειῶν
871 2743 951 2806 ὄντα
969 2751 1039 2805 τῶν
1058 2745 1134 2823 ΑΒ,
1167 2793 1170 2802 .

125 2848 200 2928 ΓΔ,
233 2847 320 2930 ὄμμα
352 2842 389 2909 δὲ
421 2848 502 2911 ἔστω
535 2848 572 2912 τὸ
601 2851 644 2931 Ε,
678 2846 737 2932 ἀφ’
767 2843 808 2913 οὗ
840 2845 1134 2934 προσπιπτέτωσαν

124 2950 251 3027 ἀκτῖνες
269 2953 307 3016 αί
317 2956 349 3015 Ε
354 2956 390 3036 Γ,
404 2958 482 3036 ΕΛ,
496 2958 573 3037 ΕΛ,
587 2958 660 3018 ΕΒ.
697 2953 792 3039 λέγω,
815 2955 866 3020 ὄτι
883 2955 921 3019 τὸ
940 2955 1024 3040 πρὸς
1042 2963 1089 3041 τῷ
1102 2958 1133 3017 Α

65 3067 105 3116 νῦ
123 3061 378 3125 καταλείπεσθαι
406 3058 502 3138 δόξει.
556 3063 854 3146 προσεκβεβλήσθω
882 3060 902 3144 ἡ
928 3065 1007 3142 ΕΔ,
1041 3061 1134 3146 ἀχρις

196 3328 219 3376 1.
242 3323 302 3394 ΖΒ]
323 3327 373 3377 ΒΖ
391 3342 426 3378 m.
509 3330 534 3381 2.
558 3324 622 3394 ΑΔ]
642 3340 710 3378 corr.
730 3341 764 3378 ex
783 3330 836 3379 ΒΔ
853 3324 917 3378 Vat.
991 3321 1132 3395 βλέπεται]

122 3390 246 3446 λείπεται
265 3393 344 3449 οοδδ.
418 3401 442 3450 6.
461 3395 529 3449 Post
548 3413 560 3449 ε
579 3395 681 3449 lacuna
703 3395 732 3468 Ῑί,
752 3395 801 3450 lin.
820 3395 959 3463 VVat.A;
986 3413 998 3449 ε
1019 3411 1073 3450 om.
1092 3393 1132 3448 la·

125 3480 196 3517 cuna
214 3463 314 3519 relicta
332 3464 477 3520 Vat.¹vm.
551 3473 574 3521 7.
594 3466 661 3538 ἀρα]
680 3465 715 3520 τδι
731 3467 825 3535 πόρρω
844 3467 900 3535 ἀρα
918 3485 954 3520 m.
1030 3472 1072 3520 11.
1092 3463 1129 3531 εἴ

16 3575 18 3578 -
124 3535 188 3589 add.
208 3535 241 3604 V,
267 3535 306 3599 ξε’
322 3554 357 3590 m.
378 3543 393 3589 2
413 3537 477 3591 vat.
563 3535 598 3591 τδι
616 3543 651 3606 Α,
667 3538 699 3609 Β]
720 3554 771 3593 om.
792 3557 828 3592 m.
919 3543 961 3592 12.
981 3542 1043 3608 ΑΔ,
1063 3535 1131 3607 ΒΕ]
