2424 3944
138 180 202 247 166
345 177 554 230 OPTIOORUM
572 175 751 228 REOENSIO
770 173 939 227 THEONIS.

137 328 174 392 τὸ
198 329 269 391 ΒΓ.
321 323 383 388 οὐκ
410 320 575 402 ἀνάλογον
602 322 667 405 ἄρα
693 330 763 395 τοῖς
791 317 998 401 ἀποστήμασι
1026 316 1067 380 τὰ
1097 320 1151 379 λσα

136 430 262 519 μεγέθη
286 431 411 516 ὁρᾶται.

620 548 669 615 θ’.

209 684 257 747 Τὰ
289 679 480 765 ὀρθογώνια
512 675 636 761 μεγέθη
674 673 706 753 ἐξ
739 674 968 757 ἀποστήματος
1000 671 1151 757 ὁρώμενα

104 808 120 857 5
139 796 300 875 περιφερῆ
323 789 486 870 φαίνεται.

205 897 288 959 ἔστω
317 894 380 978 γὰρ
404 891 615 976 ὀρθογώνιον
638 891 674 954 τὸ
698 892 766 954 ΒΓ

140 1000 255 1084 [ἑστὼς
273 997 453 1084 μετέωρον]
478 997 510 1077 ἐξ
533 997 761 1081 ἀποστήματος
864 978 868 1073 λ

138 1109 318 1196 δρώμενον.
373 1106 498 1171 οὐκοῦν
524 1102 593 1170 έπελ
622 1102 762 1168 ἕκαστον
865 1084 936 1384 k
1120 1092 1143 1146 Ζ

138 1227 206 1281 τῶν
227 1212 405 1302 ὁρωμένων
424 1215 488 1296 ἔχει
507 1235 539 1276 τι
560 1220 662 1295 μήκος
681 1209 760 1274 ἀπο

86 1341 120 1389 10
140 1325 319 1406 στήματος,
360 1315 401 1384 οὗ
436 1321 615 1402 γενόμενον
651 1315 761 1382 οὐκέτι

139 1428 270 1513 ὁρᾶται,
297 1425 318 1508 ή
345 1423 406 1510 μὲν
430 1428 463 1489 Γ
484 1427 549 1510 ὄρα
571 1427 676 1507 γωνία
700 1424 761 1509 οὐχ
966 1393 991 1444 Δ
1104 1394 1136 1446 Γ

139 1534 270 1619 ὁρᾶται,
297 1533 337 1597 τὰ
366 1528 402 1597 δέ
424 1537 471 1614 Δ,
492 1536 519 1595 Ζ
543 1542 660 1615 σημεῖα
686 1534 791 1615 μόνον
819 1535 980 1616 φαίνεται.
1033 1532 1148 1617 ὁμοίως

138 1638 193 1705 καλ
213 1638 266 1724 ἐφ’
284 1637 421 1722 ἑκάστης
439 1649 506 1703 τῶν
525 1643 651 1702 λοιπῶν
669 1650 800 1720 γωνιῶν
822 1647 921 1704 τοῦτο
940 1642 1147 1723 συμβήσεται.

140 1749 223 1812 ὥστε
246 1747 325 1812 ὅλον
347 1741 522 1832 περιφερὲς
544 1746 735 1829 φανήσεται.

87 1959 120 2011 15
628 1938 663 2004 ι’.

211 2069 285 2131 Τῶν
298 2065 386 2130 κάτω
400 2072 460 2129 τοῦ
475 2066 619 2149 ὄμματος
633 2062 797 2130 ἐπιπέδων
810 2063 971 2149 κειμένων
983 2066 1024 2129 τὰ
1037 2068 1146 2151 πόρρω

139 2174 360 2257 μετεωρότερα
383 2182 545 2256 φανεῖται.

207 2281 289 2343 ἔστω
317 2279 381 2364 γδιρ
405 2281 493 2363 ὄμμα
516 2280 553 2344 τὸ
576 2283 605 2343 Β
633 2280 701 2343 ἄνω
726 2287 786 2343 τοῦ
810 2281 877 2342 ΓΚ
902 2276 1060 2344 ἐπιπέδου
1089 2281 1148 2344 κεί-

140 2409 256 2470 μενον,
294 2383 352 2470 ἀφ’
383 2381 424 2450 οὗ
457 2387 601 2470 ὄμματος
630 2383 925 2470 προσπιπτέτωσαν
957 2384 1089 2462 ἀκτῖνες
1119 2385 1151 2450 αλ

87 2512 122 2562 20
141 2496 214 2577 ΒΓ,
237 2497 310 2576 ΒΛ,
334 2497 412 2575 ΒΖ,
435 2495 516 2575 ΒΚ,
549 2487 597 2557 ὧν
619 2491 639 2575 ή
663 2495 733 2557 BK
756 2492 898 2569 κάθετος
924 2495 1006 2557 ἔστω
1036 2490 1090 2558 έπλ
1117 2493 1150 2557 τὸ

141 2600 359 2684 ὑπωιείμενον
391 2598 556 2665 ἐπίπεδον.
611 2596 711 2681 λέγω,
743 2599 794 2664 ὄτι
825 2600 862 2664 τὸ
896 2602 962 2663 ΓΛ
994 2608 1055 2664 τοῦ
1089 2602 1151 2664 ΛΖ

142 2708 383 2794 μετεωρότερον
406 2709 571 2790 φαίνεται,
594 2706 631 2770 τὸ
655 2702 693 2770 δὲ
716 2711 784 2770 ΛΖ
807 2714 867 2770 τοῦ
892 2708 965 2771 ΖΚ.
1002 2707 1152 2791 εἰλήφθω

142 2812 236 2898 [γὰρ]
261 2811 314 2878 έπλ
332 2822 390 2896 τής
410 2816 478 2876 ΖΚ
497 2814 599 2896 τυχὸν
618 2824 754 2897 σημεῖον
771 2814 809 2877 τὸ
824 2817 863 2897 Ε,
885 2810 941 2877 καὶ
959 2815 1055 2897 ήχθω
1075 2815 1153 2899 πρὸς

142 2920 250 3006 ὀρθὰς
276 2919 296 3002 ή
320 2923 398 2984 ΕΗ.
444 2917 500 2984 καὶ
528 2916 597 2984 ἐπεὶ
625 2920 662 2984 αἱ
683 2921 776 2997 ὄψεις
799 2920 962 3003 πρότερον
988 2921 1074 3005 πρὸς
1097 2922 1153 3004 τήν

88 3043 123 3094 25
143 3030 214 3090 ΗΕ
239 3028 505 3114 προσπίπτουσιν
528 3027 611 3113 ήπερ
636 3027 720 3112 πρὸς
742 3027 804 3109 τήν
826 3027 898 3108 ΕΓ,
926 3025 1152 3111 προσπιπτέτω

142 3141 181 3218 τῇ
204 3137 277 3197 ΗΕ
297 3134 317 3218 ή
340 3129 401 3217 μὲν
420 3135 488 3198 ΒΓ
505 3134 587 3197 κατὰ
610 3134 646 3197 τὸ
665 3137 706 3197 Η
724 3143 869 3217 σημεῖον,
893 3128 969 3216 ήδδ
988 3137 1053 3198 ΒΔ
1075 3132 1153 3199 κατὰ

215 3297 238 3344 7.
259 3289 341 3353 ἑστὼς
360 3287 509 3362 μετέωρον]
529 3308 564 3344 m.
584 3305 637 3344 ree.
656 3289 690 3343 V.
755 3296 797 3344 10.
817 3285 970 3360 γενομένου
989 3288 1047 3360 Vp.
1114 3293 1150 3343 16.

38 3464 43 3471 .
143 3396 179 3468 ι’]
197 3395 231 3465 V,
255 3396 297 3450 ια’
317 3399 385 3451 mut.
405 3396 435 3450 in
459 3397 499 3468 ιβ’
519 3415 555 3451 m.
575 3413 629 3451 rec.
721 3401 762 3450 16.
788 3375 941 3451 ἐπιπέδόνα
960 3381 1153 3466 κειμένωνόὄ

143 3472 186 3541 (α,
209 3471 240 3542 β,
264 3488 285 3522 ω
309 3486 345 3522 m.
369 3471 446 3537 rec.),
475 3465 610 3536 κειμένων
635 3465 776 3522 ἐπιπέδων
803 3485 852 3537 vp.
945 3473 987 3524 17.
1012 3467 1151 3538 φανεῖται]

72 3536 344 3716 Nu),
363 3538 506 3594 m.rec.V.
562 3545 604 3594 20.
625 3540 684 3611 ΒΔ]
704 3545 730 3593 Δ
748 3538 975 3595 inras.m.2v.
1033 3539 1152 3611 ΒΚήπ.)
