2424 3944
401 129 571 180 auouuus
590 129 728 181 orrmr.
1030 125 1070 188 17

56 272 165 338 maior
191 273 360 357 proportio
392 294 489 356 quam
516 273 568 336 iet
593 271 730 356 angulus
759 272 800 335 ad
826 276 882 337 aet
907 272 1071 357 angulum.

55 384 91 444 et
121 401 160 443 ex
189 379 307 464 angulo
336 379 467 462 quidem
489 380 541 444 tet
566 378 670 442 maior
694 380 755 464 qd,
786 401 825 442 ex
850 378 969 463 angulo
993 398 1071 442 uero

53 491 113 552 aet
134 490 224 550 reota
247 485 353 549 minor
376 487 428 549 ob.
468 508 535 549 non
558 507 636 570 ergo
660 484 823 548 distantiis
846 484 1072 569 proportiona-

55 593 135 657 liter
157 591 310 656 uidentur
333 592 573 678 magnitudines
598 591 757 675 aequales.

124 734 347 820 Reotangulae
376 734 616 820 magnitudines
645 757 662 798 e
691 733 847 798 distantia
874 733 963 798 uisae
990 732 1073 817 peri·
1109 743 1126 790 5

55 841 159 905 feriae
184 845 349 925 apparent.

127 950 197 1011 esto
231 947 316 1011 enim
348 946 576 1032 rectangulum
607 947 649 1029 by
685 945 827 1010 existens
860 946 1024 1010 eleuatum
1056 968 1072 1010 e

56 1053 217 1119 distantia
244 1054 360 1118 uisum.
405 1054 507 1138 igitur
536 1053 688 1137 quoniam
712 1053 963 1137 unumquodque
988 1053 1073 1117 uiso-

56 1183 133 1224 rum
151 1160 251 1225 habet
273 1160 511 1246 longitudinem
530 1159 712 1237 distantiae,
736 1183 800 1243 qua
817 1160 905 1225 facta
923 1182 989 1223 non
1007 1160 1073 1224 iam

56 1266 203 1351 uidetur,
230 1267 369 1352 angulus
389 1288 411 1350 9
437 1267 566 1351 quidem
589 1289 656 1331 non
678 1266 821 1351 uidetur,
848 1273 969 1351 puncta
991 1290 1069 1332 uero
1093 1284 1126 1333 10

54 1376 87 1457 d,
106 1394 125 1438 a
147 1377 277 1437 tantum
300 1378 465 1458 apparent.
502 1373 654 1438 similiter
677 1373 767 1437 etin
790 1395 983 1458 unoquoque
1001 1375 1071 1439 reli·

56 1501 199 1564 quorum
223 1479 416 1564 angulorum
439 1479 502 1544 hoe
525 1479 703 1564 continget.
750 1501 847 1562 quare
866 1485 974 1544 totum
992 1481 1074 1564 peri-

53 1585 171 1670 fer[ia]
195 1585 372 1670 apparebit.

127 1725 195 1792 sub
224 1728 317 1792 ooulo
345 1728 523 1793 iacentium
549 1727 721 1812 planorum
744 1728 921 1793 remotiora
944 1729 1074 1812 quidem

55 1834 239 1900 eleuatiora
262 1839 427 1918 apparent.
1093 1849 1126 1896 15

128 1945 198 2005 esto
223 1941 335 2005 ooulus
359 1963 381 2004 ο
408 1941 565 2006 eleuatior
587 1941 696 2006 iacens
721 1965 818 2027 quam
841 1944 940 2026 dedo,
968 1947 1001 2006 et
1025 1965 1074 2007 ao-

54 2048 171 2114 oidant
189 2045 271 2110 radii
294 2047 345 2129 ab,
369 2067 419 2129 ue,
442 2047 496 2129 od,
518 2066 571 2131 op,
594 2067 732 2128 quorum
749 2047 792 2110 ob
816 2051 905 2112 reeta
923 2047 1073 2112 cathetus

55 2160 132 2221 esto
156 2175 252 2238 super
276 2152 445 2216 subiacens
464 2153 605 2235 planum.
642 2151 724 2238 dioo,
747 2154 833 2235 quod
848 2155 897 2236 qd
918 2176 1015 2238 quam
1033 2157 1074 2221 de

55 2260 221 2326 eleuatius
245 2263 388 2343 apparet,
412 2259 468 2322 sed
491 2263 524 2323 et
547 2261 587 2323 de
610 2280 708 2342 quam
731 2259 776 2324 be.
814 2265 961 2325 sumatur
983 2262 1018 2325 in
1037 2263 1074 2326 be

55 2371 220 2452 punctum
242 2386 271 2449 a,
299 2369 333 2430 et
360 2364 509 2429 trahatur
533 2365 808 2450 perpendicularis
830 2368 873 2431 ai.
920 2368 1073 2449 quoniam
1093 2380 1127 2429 νο

54 2473 152 2538 uisus
175 2472 318 2557 primum
341 2471 491 2536 accidunt
510 2473 550 2536 ad
572 2474 608 2537 ai
631 2495 728 2555 quam
747 2472 787 2536 ad
809 2492 864 2556 ru,
886 2473 1011 2537 aooidat
1035 2474 1074 2551 ei,

136 2688 177 2737 12.
196 2681 299 2751 perifer
317 2698 368 2750 seq.
387 2698 441 2736 raa
461 2681 498 2735 D.
573 2686 614 2735 21.
633 2680 765 2752 primum]
785 2698 835 2735 sor.
853 2679 939 2749 prius.

96 2903 123 2952 2.
144 2893 207 2967 μέν]
229 2896 269 2964 μθ
294 2897 386 2951 BVat.
470 2902 493 2950 3.
514 2893 654 2967 βλέπεται]
674 2899 767 2964 μεῖζον
785 2896 975 2952 VBVatmv.
1049 2904 1073 2951 6.

54 2969 108 3040 θ’]
131 2967 152 3021 ι’
174 2967 253 3022 codd.
337 2974 359 3022 7.
379 2965 582 3036 ἀποστημάτων
601 2985 630 3035 v,
655 2983 743 3036 comp.
762 2967 855 3022 BVat.
938 2974 961 3021 9.
982 2967 1074 3035 ὀρθω-

56 3057 167 3127 νώνιον
186 3074 211 3109 v.
300 3060 340 3110 10.
362 3054 441 3110 toror‘
460 3057 494 3125 V,
514 3055 596 3110 ἐστὼο
614 3054 772 3109 BVatmv.
860 3062 901 3111 13.
921 3053 1074 3125 γενομένου

54 3127 152 3196 VBv,
176 3124 326 3196 γινομένου
344 3127 408 3182 Vat.
490 3132 530 3180 14.
553 3128 592 3197 Γ]
613 3125 665 3196 γάρ
685 3128 745 3194 (per
763 3130 863 3197 comp.)
883 3128 957 3182 PV.
1032 3134 1073 3183 16.

54 3195 128 3270 κατ’]
148 3198 228 3268 καὶὴ
247 3198 372 3252 Evam.
429 3197 546 3254 ἕκαστον
564 3216 600 3267 m,
622 3196 740 3266 ἑκάστην
754 3197 787 3252 V.
844 3204 885 3252 17.
906 3198 1073 3271 poterimus]

55 3269 232 3341 συμβήσεται
249 3270 316 3324 Vm,
394 3275 434 3324 18.
455 3270 489 3341 ι’]
510 3269 551 3322 ια’
572 3268 651 3322 codd.
729 3274 771 3323 21.
792 3271 893 3340 ΒΕΓ]
913 3274 1004 3324 ΒΕΝ
1019 3271 1073 3325 Bv.

94 3347 141 3395 22.
161 3338 353 3410 προσπιπτέτω
371 3341 468 3394 Vatv.
545 3345 587 3393 25.
607 3340 666 3410 τῆς]
685 3338 716 3392 τό
735 3358 765 3409 V,
788 3348 837 3394 τοῦ
856 3340 958 3396 Vat.B.
1031 3349 1073 3397 26.

53 3410 137 3469 κατά
168 3429 222 3466 om.
236 3412 361 3467 BVatv.
425 3418 467 3466 27.
488 3407 552 3482 ναί]
572 3428 656 3480 supra
675 3427 725 3464 sor.
741 3429 777 3464 m.
794 3417 807 3463 1
827 3412 860 3480 V,
881 3428 933 3468 om.
949 3413 1073 3468 BVatv.

95 3483 129 3538 αἱ
161 3500 230 3539 corr.
250 3500 284 3538 ex
303 3479 354 3538 oto
373 3483 438 3538 Vat.
516 3486 557 3536 28.
578 3479 824 3550 προσπιπτέτωσαν
842 3483 916 3553 Vat,
936 3485 986 3538 sed
1005 3502 1073 3540 oorr¹

112 3583 268 3634 Euclides,
283 3583 334 3624 edd.
344 3583 447 3634 Holborg
461 3586 483 3623 et
497 3583 587 3632 Menge.
610 3583 662 3622 VII.
899 3578 915 3626 2
