2424 3944
139 200 204 264 342
531 202 764 254 cATOPrfflcA.

138 349 185 429 K,
205 350 236 409 Λ
258 349 395 430 γωνίας,
422 346 459 409 αί
480 341 516 409 δέ
539 345 603 410 ἀπὸ
626 353 687 409 τοῦ
710 351 743 408 Δ
766 342 819 408 έπὶ
843 345 903 427 τὴν
926 347 1000 408 ΛΓ
1017 345 1075 408 διὰ
1095 344 1148 419 τὰς

138 456 187 535 Ν,
211 453 242 524 Ξ
270 456 394 534 γωνίας
427 457 499 527 ίσας
532 453 641 526 οὔσας.
697 452 747 516 ὅτι
778 448 814 514 δέ
846 460 949 515 πᾶσαι
981 449 1081 515 αὐταὶ
1107 451 1149 526 είς

138 557 257 636 ἑαυτάς
280 559 497 641 άνακλῶνται,
520 560 636 641 δῆλον·
663 558 698 623 έκ
721 567 781 622 τοῦ
804 559 868 642 γὰρ
892 557 1033 643 κέντρου
1057 553 1149 624 οὖσαι

137 664 314 749 ἡμικύκλια
337 675 501 748 ποιοῦσιν,
525 669 562 730 αι’
579 662 615 729 δὲ
634 677 701 729 τῶν
719 665 924 749 ἡμικυκλίων
945 669 1067 747 γωνίαι
1086 672 1150 730 ι’σαι

103 775 236 837 δείσίν·
271 771 317 837 δι’
338 779 420 837 ίσων
443 775 507 858 άρα
530 783 662 854 γωνιῶν
689 773 727 836 αι’
747 771 944 849 ἀνακλάσεις
965 777 1149 854 γίγνονται·

137 882 184 954 είς
207 876 325 954 ἑαυτὰς
348 873 410 942 οὖν
433 877 650 942 ἀνακλῶνται.
691 887 794 942 πᾶσαι
816 879 882 963 άρα
904 887 1150 961 συμπεσοῦνται

138 984 201 1049 ἀπὸ
224 983 359 1048 πάντων
382 995 449 1049 τῶν
468 987 612 1068 σημείων
636 982 689 1048 ἐπὶ
707 985 766 1060 τὰς
784 985 841 1049 διὰ
859 994 919 1049 τοῦ
938 984 1080 1070 κέντρου
1098 981 1151 1049 καὶ

137 1088 173 1153 έν
203 1099 248 1176 τῷ
276 1089 400 1178 κέντρῳ
429 1090 606 1175 [ἀκτῖνας]Ι
662 1091 791 1155 τούτων
823 1087 886 1158 οὖν
912 1102 981 1156 τῶν
1008 1092 1150 1156 ἀκτίνων

137 1194 446 1280 έκθερμαινομένων
463 1195 539 1281 περὶ
553 1198 590 1262 τὸ
604 1195 742 1282 κέντρον
755 1206 823 1282 πῦρ
838 1197 1037 1283 ἀθροίζεται.
1070 1200 1150 1263 ὥστε

85 1311 118 1359 10
136 1301 284 1436 ἐνταῦθα
308 1305 472 1368 στύππιον
494 1299 593 1368 τεθὲν
615 1303 846 1387 έξαφθήσεται.

208 1502 231 1550 1
251 1497 331 1567 Jssa]
351 1496 421 1563 πρὸς
435 1500 472 1548 τῶ
485 1501 507 1549 Α
521 1514 557 1549 m.
621 1494 735 1567 γωνίας]
755 1494 859 1566 γωνίας
873 1495 935 1559 ίσας
949 1497 1034 1560 οὔσας
1049 1495 1150 1566 ὁμοίως

135 1567 265 1634 ἀλλήλαις
283 1585 319 1620 m
375 1550 462 1620 ἐπὶ
434 1587 486 1635 την
500 1569 651 1706 ΔἨοω
661 1585 697 1621 m.
771 1574 795 1621 2.
817 1571 889 1636 N‚··
869 1569 1149 1640 Ξ]πρὸςτῷΓ1υ.

171 1638 233 1701 ίσας
216 1638 347 1763 οὔσας)
367 1638 452 1700 οὔσας
467 1637 528 1700 ίσας
604 1637 748 1728 διάμετροι
766 1637 819 1709 γάρ
836 1639 888 1694 εἰσι
905 1647 995 1694 πᾶσαι
1013 1657 1051 1693 m.
1125 1646 1148 1693 3.

136 1709 166 1764 ἐκ
180 1718 230 1764 τοῦ
244 1708 309 1781 γάρ]
344 1730 360 1763 κ
375 1708 428 1779 γὰρ
442 1718 491 1762 τοῦ
510 1709 548 1778 M,
568 1683 616 1763 ἀιά
635 1709 688 1780 γάρ
707 1719 756 1764 τοῦ
775 1729 810 1765 m.
885 1706 966 1765 οὖσαι
998 1710 1094 1765 ἰοῦσαι
1111 1729 1146 1764 m.

171 1787 196 1834 4
215 1781 564 1904 ἡμικύκλιαρίὴμικάκλιον
582 1781 619 1836 Μ.
676 1790 789 1836 ποιοῦσι
802 1782 840 1836 Μ.
895 1790 950 1837 τῶν
984 1780 1148 1870 μικυκλίων]

135 1857 173 1923 τῷ
190 1851 343 1924 ἡμικυκλίῳ
394 1897 399 1906 .
472 1850 583 1923 γωνίαι]
603 1849 703 1922 γωνίαι
721 1852 752 1907 αἱ
770 1852 917 1942 γινόμεναι
935 1854 1005 1921 πρὸς
1022 1862 1083 1916 τοῖς
1101 1851 1148 1907 πέ-

135 1940 200 2012 ρασι
222 1932 277 1977 τῶν
300 1908 456 1992 διαμέτρων
479 1923 528 1978 καί
551 1923 746 1994 περιεχόμεναι
768 1922 817 1978 ὑπ’
839 1926 933 1979 αὐτῶν
955 1943 984 1978 τε
1008 1933 1064 1979 τῶν
1088 1926 1149 1979 ὃια-

135 1991 241 2082 μέτρων
259 1995 377 2049 καὶτῶν
390 2004 576 2063 περιφερειῶν
594 2013 629 2048 m.
704 2001 728 2049 5
748 1992 801 2049 εἰσί
819 1995 889 2049 Mm.
963 1993 1093 2065 γίνονται
1111 1997 1149 2062 Μ

135 2061 263 2134 γίνονται
280 2067 328 2119 καί
347 2064 396 2119 διὰ
414 2075 495 2120 τοῦτο
514 2084 550 2120 m.
642 2073 666 2120 6.
691 2062 754 2138 οὖν]
774 2083 827 2120 om.
846 2085 882 2121 m.
970 2072 995 2121 8.
1018 2068 1148 2159 ἀκτῖνας]

136 2135 224 2191 deleo.
293 2140 335 2190 10.
356 2137 505 2207 στάπτιον]
524 2138 572 2190 καί
586 2156 692 2192 υιιπιον
711 2138 749 2207 Μ,
756 2155 853 2224 supra
867 2155 918 2193 scr
933 2156 970 2192 m.
986 2144 1016 2194 2:
1037 2139 1148 2197 ςάπιον.

170 2207 202 2258 In
220 2206 287 2261 fine:
312 2204 466 2262 Εὐκλείδου
484 2207 657 2275 κατοπτρικά
675 2209 708 2276 V,
733 2182 810 2271 ίέλος
828 2227 864 2263 m
