2424 3944
150 180 215 245 262
290 230 293 235 .
572 182 728 235 scnomA

150 328 233 390 ὥστε
255 324 310 390 καὶ
334 323 482 408 ε’ναλλόξ,
506 325 551 403 ὡς
573 326 634 409 τὴν
652 328 720 389 ΒΓ
737 325 820 410 πρὸς
838 325 900 408 τὴν
921 328 994 408 ΘΖ,
1016 325 1081 408 τὴν
1102 327 1168 388 ΓΚ

149 434 232 517 πρὸς
254 433 315 515 τὴν
339 436 412 496 ΖΚ.
458 430 531 496 ἀλλ’
557 433 601 508 ὡς
627 430 648 514 η
671 435 739 496 ΒΓ
760 432 844 517 πρὸς
869 433 932 515 τὴν
958 435 1036 514 ΘΖ,
1064 428 1163 512 καὶὴ

148 543 215 603 ΔΖ
244 540 326 624 πρὸς
349 540 409 622 τὴν
434 543 510 603 ΘΖ·
545 545 599 621 ίση
623 540 685 624 γὰρ
708 538 729 621 ἡ
754 543 820 602 ΛΖ
848 546 887 623 τῇ
911 540 982 602 ΒΓ.
1032 537 1077 613 ὡς
1101 539 1164 623 ἄρα

151 645 171 728 ἡ
198 650 264 709 ΛΖ
287 647 370 731 πρὸς
392 647 453 729 την
478 649 553 728 ΘΖ,
577 645 683 721 οὕτως
705 643 725 727 ἡ
750 648 816 708 ΓΚ
836 645 918 729 πρὸς
941 646 1002 728 τὴν
1027 648 1103 708 ΚΖ.

115 784 130 831 5
217 770 268 833 26.
292 766 348 844 Ὡς
366 771 428 854 γὰρ
449 771 485 834 αι’
501 773 629 852 γωνίαι,
649 767 694 833 δι’
711 763 759 833 ὧν
778 767 922 854 ὁρῶνται
940 770 981 832 τὰ
999 766 1163 855 ὁρώμενα,

149 877 261 958 ἔχουσι
283 876 366 960 πρὸς
389 875 546 959 ἀλλήλας,
569 876 676 953 οὕτως
697 873 753 939 καλ
775 877 816 939 τὰ
839 873 990 961 ὁρώμενα
1015 876 1073 939 διὰ
1097 887 1163 940 τῶν

148 991 280 1062 γωνιῶν
302 983 385 1067 πρὸς
407 984 532 1065 ἄλληλα
555 985 641 1065 ἔχειν
665 985 851 1066 φαίνονται.
889 982 933 1058 ὡς
956 983 1022 1067 ἄρα
1043 983 1163 1047 λοιπὸν

148 1086 168 1169 ἡ
197 1091 264 1151 ΣΡ
292 1091 396 1169 γωνιά
424 1092 488 1172 ἔχει
515 1091 598 1175 πρὸς
624 1091 686 1172 τὴν
715 1093 745 1152 Ρ
767 1093 908 1172 γωνίαν,
941 1089 1048 1164 οὕτως
1077 1091 1163 1172 ἔχειν

149 1197 301 1277 φαίνεται
324 1192 438 1258 καὶτὸ
462 1200 495 1259 Δ
502 1200 529 1258 Ζ
552 1196 635 1281 πρὸς
657 1196 694 1259 τὸ
718 1198 789 1259 ΒΓ.
827 1195 847 1279 η
870 1191 907 1259 δὲ
931 1199 1037 1277 γωνία
1060 1196 1082 1279 ἡ
1102 1200 1167 1260 ΣΡ

96 1315 129 1362 10
148 1302 230 1383 πρὸς
252 1302 313 1383 τὴν
332 1304 362 1363 Ρ
380 1305 505 1383 γωνίαν
529 1301 685 1366 ἐλάττονα
709 1304 810 1383 λόγον
833 1305 898 1385 ἔχει
921 1303 1003 1387 ἥπερ
1024 1303 1061 1366 τὸ
1083 1302 1162 1367 ἀπό-

149 1422 254 1491 στημα
277 1408 313 1470 τὸ
337 1411 408 1471 ΚΓ
424 1410 507 1494 πρὸς
530 1410 566 1472 τὸ
591 1412 665 1472 ΚΖ.
705 1406 760 1472 καὶ
782 1409 819 1473 τὸ
839 1414 872 1473 Δ
879 1412 906 1471 Ζ
929 1409 994 1493 ἄρα
1017 1409 1104 1494 πρὸς
1127 1409 1162 1472 τὸ

148 1516 215 1577 ΒΓ
234 1516 429 1600 μικρότερον
452 1519 604 1598 φαίνεται
628 1515 717 1599 παρὰ
740 1515 777 1579 τὸ
801 1517 871 1577 ΚΓ
887 1514 971 1599 πρὸς
993 1515 1031 1578 τὸ
1055 1517 1132 1578 ΚΖ.

541 1708 593 1773 Ad
615 1732 706 1794 prop.
729 1710 769 1774 X.

215 1834 266 1897 27.
294 1832 415 1917 Ἤχθω
443 1834 506 1920 γόιρ
535 1835 591 1898 διὰ
614 1843 674 1898 τοῦ
697 1839 737 1899 Η
760 1836 897 1918 σημείου
920 1841 959 1917 τῇ
984 1835 1054 1896 ΒΚ
1079 1854 1162 1918 παρ-

95 1953 128 2004 15
148 1937 288 2023 οίλληλος
310 1938 330 2022 η
349 1944 427 2004 ΗΕ.
465 1938 534 2004 ἐπεὶ
557 1936 620 2005 οὖν
643 1942 680 2005 αἱ
701 1939 794 2018 ὄψεις
811 1942 975 2026 πρότερον
997 1940 1083 2022 πρὸς
1102 1941 1162 2023 τὴν

147 2049 218 2109 ΗΕ
247 2049 511 2131 προσπίπτουσιν
543 2048 625 2112 κατὰ
656 2048 696 2112 τὰ
724 2051 773 2130 Η,
793 2051 838 2130 Λ,
856 2050 901 2110 Μ
928 2057 1046 2129 σημεῖα
1079 2046 1161 2128 ἥπερ

146 2152 228 2235 πρὸς
251 2152 312 2235 τὴν
330 2155 406 2235 ΚΓ,
429 2157 487 2217 καί
508 2153 577 2219 ἐστι
599 2156 840 2240 μετεωρότερον
862 2154 899 2217 τὸ
918 2156 958 2216 Η
977 2159 1038 2216 τοῦ
1058 2155 1101 2235 Λ,
1124 2153 1161 2215 τὸ

147 2253 184 2320 δὲ
212 2261 243 2320 Λ
274 2266 334 2322 τοῦ
362 2263 415 2341 Μ,
447 2257 502 2323 καὶ
530 2260 586 2324 διὰ
613 2255 674 2344 μὲν
701 2269 761 2324 τοῦ
784 2264 824 2324 Η
847 2261 983 2342 σημείου
1011 2257 1032 2340 ἡ
1056 2260 1165 2323 ΒΗΓ

148 2361 281 2448 φέρεται
305 2364 409 2449 ιἰκτίς,
438 2366 494 2429 διὰ
517 2363 555 2430 δὲ
577 2375 636 2431 τοῦ
661 2371 692 2430 Λ
713 2365 734 2449 ἡ
758 2370 868 2449 ΒΛΖ,
897 2364 952 2429 διὰ
976 2360 1014 2429 δὲ
1037 2373 1099 2428 τοῦ
1122 2368 1166 2428 Μ

95 2469 168 2552 2οἡ
191 2474 317 2554 ΒΜΔ,
345 2470 567 2558 μετεωροτέρα
590 2471 610 2555 η
633 2468 694 2557 μὲν
716 2475 784 2535 ΒΓ
804 2480 862 2554 τῆς
884 2475 963 2554 ΒΖ,
991 2471 1012 2554 η
1035 2467 1074 2534 δὲ
1098 2475 1159 2535 ΒΖ

148 2585 205 2659 τῆς
228 2581 300 2642 ΒΔ.

216 2702 266 2766 28.
305 2703 352 2766 Τὸ
382 2701 407 2766 ι’
432 2703 468 2767 ἐν
496 2704 583 2790 ἄλλω
613 2703 731 2779 οὕτως·
764 2705 846 2768 ἔστω
870 2703 933 2788 γὰρ
959 2702 1047 2785 όμμα
1071 2702 1158 2766 τὸΒ

148 2808 216 2871 όίνω
236 2816 296 2872 τοῦ
312 2811 378 2872 ΓΚ
399 2807 554 2873 ἐπιπέδου
574 2813 735 2893 κείμενον,
758 2807 817 2892 ἀφ’
834 2803 875 2873 οὗ
894 2806 1040 2893 ὄμματος
1058 2824 1157 2895 προσ-

146 2912 355 2978 πιπτέτωσαν
378 2913 507 2991 ἀκτῖνες
529 2916 567 2979 αί
587 2918 659 2998 ΒΓ,
678 2919 755 2998 ΒΔ,
774 2918 851 2997 ΒΖ,
871 2917 951 2997 ΒΚ,
978 2908 1026 2979 ὧν
1049 2914 1070 2998 ἡ
1094 2917 1160 2979 ΒΚ

95 3035 129 3083 25
147 3020 290 3096 κάθετος
312 3023 394 3085 ἔστω
419 3019 470 3086 ἐπὶ
494 3022 531 3085 τὸ
549 3021 767 3105 ὑποκείμενον
788 3021 953 3085 ἐπίπεδον.
990 3019 1087 3105 λέγω,
1110 3021 1157 3086 ὅτι

148 3128 185 3191 τὸ
214 3130 275 3190 ΓΛ
305 3135 365 3190 τοῦ
393 3132 459 3191 ΔΖ
491 3129 731 3213 μετεωρότερον
761 3130 929 3211 φαίνεται,
962 3128 999 3191 τὸ
1028 3124 1067 3191 δὲ
1093 3131 1155 3192 ΛΖ

220 3309 261 3358 26.
281 3302 503 3371 Mvat.¹Ru(F).
577 3307 619 3356 27.
639 3301 785 3371 Πελία).
859 3306 901 3355 28.
921 3318 947 3369 q.

221 3469 243 3517 7.
262 3463 372 3533 λοιπόν]
391 3460 474 3531 λόγον
493 3461 581 3517 vam
663 3468 686 3516 9.
705 3461 723 3531 ἡ
739 3463 811 3532 (pr.)]
832 3461 857 3514 εί
874 3463 961 3517 Vat.¹.
1054 3462 1151 3585 ΜΡ)

150 3538 219 3588 Ou.
274 3533 357 3605 ἤπερ]
378 3532 454 3600 εἴπερ
474 3533 559 3587 Vat.¹.
626 3538 666 3587 12.
687 3535 752 3604 ΚΖ]
772 3537 870 3587 AZu.
936 3538 977 3587 15.
997 3533 1061 3604 τήν]
1083 3534 1104 3605 ιγ
1148 3573 1153 3584 .
