2424 3944
145 158 212 224 162
356 161 566 213 οΡειοοωοα
583 160 763 214 Βεοοαειο
781 160 949 213 mom.

142 303 352 371 πιπτέτωσαν
375 304 503 381 ἀκτῖνες
525 307 563 370 αί
582 307 659 386 ΚΒ,
677 308 763 386 KH,
781 306 861 390 ΚΖ,
879 306 960 387 ΚΔ,
978 306 1063 388 ΚΝ,
1083 307 1119 369 Κ
1121 309 1166 389 Λ,

141 410 198 477 καὶ
226 412 475 496 ἐπεζεύχθωσαν
502 413 540 476 αί
560 415 651 495 ΚΜ,
673 411 752 495 ΚΞ,
776 414 852 476 ΚΟ.
905 408 976 476 ἐπεὶ
1003 407 1068 477 οὖν
1097 411 1162 477 ἀπὸ

140 517 382 605 μετεωροτέρου
405 527 465 582 τοῦ
488 522 523 582 Κ
543 516 597 584 ἐπὶ
618 520 656 583 τὸ
679 523 724 583 Μ
742 516 928 596 ἐπέζευκται
950 516 971 601 ἡ
990 520 1079 602 ΚΜ,
1102 521 1160 583 κιί-

140 632 240 703 θετος
262 630 327 711 ἄρα
350 623 441 690 ἐστὶν
468 623 521 690 ἐπὶ
543 627 604 709 την
626 629 711 690 ΜΛ.
753 624 875 709 ὁμοίως
898 625 941 709 δὴ
965 622 1023 689 καὶ
1045 625 1067 709 ἡ
1090 625 1164 698 ΚΞ

103 731 195 797 ὀίπὶ
218 735 279 818 τὴν
301 737 387 815 ΗΝ,
410 731 431 815 ἡ
455 730 492 796 δὲ
514 736 581 797 ΚΟ
604 730 657 796 ἐπὶ
679 733 741 815 τὴν
758 736 831 796 ΒΔ.
875 731 1072 817 ὀρθογώνια
1094 733 1160 818 ἄρα

140 837 209 904 ἐστὶ
236 839 276 902 τὰ
299 842 426 921 ΚΜΛ,
450 838 577 921 ΚΞΝ,
601 842 701 903 ΚΘΛ
729 841 884 922 τρίγωνα.
931 841 990 902 καί
1017 836 1109 903 ἐστιν
1136 838 1157 921 ἡ

139 943 199 1030 μὲν
218 946 289 1019 ΞΝ
307 954 347 1030 τῇ
367 950 442 1010 ΜΛ
466 951 534 1029 ίση·
557 947 902 1030 παραλληλόγραμμον
920 946 983 1030 γαρ
1003 945 1040 1010 τὸ
1060 950 1154 1010 ΜΝ·

139 1049 275 1137 ἑκατέρα
298 1049 335 1116 δὲ
357 1063 425 1116 τῶν
449 1052 527 1128 ΞΚ,
550 1055 626 1117 ΚΝ
649 1054 768 1136 μείζων
791 1049 882 1116 ἐστὶν
910 1049 1067 1137 ἑκατέρας
1089 1062 1156 1117 τῶν

138 1162 230 1241 ΜΚ,
253 1162 330 1223 ΚΛ.
376 1162 494 1243 μείζων
520 1160 585 1244 ἄρα
611 1156 667 1223 καὶ
690 1160 795 1241 γωνία
822 1158 843 1243 ἡ
866 1157 931 1223 ὑπὸ
954 1162 1072 1222 ΜΚΛ
1098 1167 1155 1243 τῆς

86 1277 120 1328 10
138 1264 204 1330 ὑπὸ
232 1265 344 1338 ΞΚΝ.
399 1269 509 1350 μεῖζον
535 1267 600 1351 ὄρα
627 1264 813 1349 ὀφθήσεται
840 1262 896 1329 καὶ
923 1266 961 1330 τὸ
988 1269 1067 1329 ΜΛ
1094 1273 1152 1330 τοῦ

139 1372 223 1445 ΞΝ·
256 1372 378 1457 ὁμοίως
404 1370 460 1437 καὶ
486 1373 523 1437 τὸ
548 1377 626 1437 ΖΜ
647 1380 708 1436 τοῦ
730 1371 808 1446 ΗΞ.
854 1372 938 1436 ὥστε
965 1369 1022 1436 καὶ
1050 1370 1152 1455 ὅληὴ

140 1483 204 1543 ΖΛ
228 1479 306 1563 ὅλης
328 1489 387 1562 τῆς
408 1484 488 1544 ΗΝ
508 1481 626 1563 μείζων
650 1482 813 1562 φαίνεται.
859 1478 915 1542 διὰ
939 1479 979 1542 τὰ
1003 1478 1090 1543 αὐτὰ
1112 1479 1151 1561 δὴ

136 1584 193 1650 καὶ
220 1586 240 1670 ἡ
263 1591 343 1651 ΗΝ
365 1596 424 1669 τῆς
447 1590 516 1650 ΒΛ.
558 1585 760 1669 ἀνισοπλατῆ
788 1587 853 1670 ὄρα
880 1583 936 1649 καὶ
966 1584 1055 1650 οὕτω
1080 1588 1152 1670 φαί-

137 1716 229 1758 νεται
253 1693 292 1757 τὰ
315 1691 446 1777 μεγέθη.

84 1812 117 1861 ιε
627 1797 664 1878 ζ’.

209 1906 257 1969 Τὰ
281 1903 334 1970 ἐπὶ
357 1914 415 1989 τῆς
434 1905 535 1990 αὐτῆς
557 1905 691 1982 εὐθείας
710 1906 791 1969 ὄντα
810 1910 866 1969 ίσα
883 1903 1008 1989 μεγέθη
1025 1928 1151 1992 πορρω-

117 2010 220 2100 .τέρω
245 2011 397 2093 ἀλλήλων
421 2010 560 2077 τεθέντα
583 2013 682 2076 ὄνισα
705 2015 868 2096 φαίνεται.

204 2121 286 2182 ἔστω
310 2118 373 2202 γὰρ
398 2124 453 2183 ίσα
476 2117 600 2202 μεγέθη
628 2119 669 2182 τὰ
692 2122 721 2182 Β
728 2121 764 2200 Γ,
786 2123 820 2182 Δ
826 2123 868 2202 Ζ,
896 2120 986 2202 ὄμμα
1011 2115 1048 2183 δὲ
1072 2121 1150 2184 ἔστω

136 2225 173 2290 τὸ
197 2227 244 2307 Κ,
276 2222 331 2288 καὶ
360 2224 423 2289 ἀπὸ
451 2233 512 2289 τοῦ
540 2227 684 2309 ὄμματος
710 2232 771 2289 τοῦ
798 2227 834 2287 Κ
857 2222 1154 2309 προσπιπτέτωσαν

85 2343 120 2393 20
139 2333 233 2410 ὄψεις
259 2333 296 2396 αί
321 2334 402 2415 ΚΒ,
425 2335 505 2415 ΚΓ,
528 2335 612 2414 ΚΔ,
635 2335 716 2395 ΚΖ·
750 2330 837 2416 ὀρθὴ
867 2327 903 2394 δὲ
931 2333 1014 2396 έστω
1042 2331 1064 2415 ἡ
1092 2331 1154 2396 ὑπὸ

136 2441 238 2503 ΚΖΒ
262 2442 376 2520 γωνία.
414 2439 538 2503 οὐκοῦν
561 2441 679 2522 μείζων
702 2435 793 2503 ἐστὶν
814 2437 834 2520 ἡ
853 2441 888 2500 Σ
908 2440 1016 2520 γωνία
1034 2447 1094 2522 τῆς
1114 2441 1150 2502 Φ.

140 2547 225 2611 ὥστε
256 2544 312 2610 καὶ
339 2545 359 2629 ἡ
387 2550 421 2609 Δ
427 2551 454 2611 Ζ
486 2548 604 2630 μείζων
632 2546 814 2629 φανήσεται
840 2553 899 2627 τῆς
927 2546 999 2609 ΓΒ.
1055 2546 1154 2609 ἄνισα

137 2654 204 2738 ὄρα
228 2656 381 2736 φαίνεται
405 2654 445 2717 τὰ
467 2656 540 2736 ΒΓ,
558 2656 625 2716 ΛΖ
648 2649 782 2736 μεγέθη.

209 2815 234 2863 2.
254 2811 328 2881 ΚΞ]
349 2827 417 2864 corr.
437 2825 472 2863 ex
490 2813 545 2864 ΚΖ
563 2828 599 2863 m.
619 2825 672 2863 rec.
692 2809 725 2863 V.
811 2813 834 2862 3.
855 2807 928 2860 Ante
948 2804 1073 2871 κάθετος
1092 2807 1152 2862 add.

134 2880 153 2950 ἡ
173 2885 242 2935 ΚΜ
257 2900 292 2935 m.
313 2897 367 2937 rec.
386 2881 420 2949 V,
444 2880 520 2935 idem
538 2884 604 2950 post
622 2878 696 2935 ἐστίν
716 2879 774 2948 (lin.
794 2881 821 2948 4)
840 2897 876 2932 m.
898 2883 913 2931 2
932 2896 958 2933 v.
1035 2885 1062 2933 4.
1083 2878 1153 2949 ΜΛ]

138 2969 294 3020 suprascr,
317 2957 338 3007 Z
356 2970 392 3007 m.
409 2959 424 3006 2
443 2970 469 3007 v.
534 2959 558 3007 6.
579 2950 651 3023 ἐστί]
673 2948 746 3006 ἐστίν
765 2951 821 3004 Vv.
886 2954 909 3004 8.
931 2951 1024 3018 μεῖζον
1043 2969 1071 3005 v.
1129 2954 1151 3003 9.

136 3025 232 3091 μεῖζον
251 3041 277 3091 V,
298 3040 366 3078 corr.
385 3041 421 3077 m.
443 3029 467 3077 2.
541 3029 583 3077 10.
603 3025 696 3092 μεῖζον
715 3055 748 3062 -
770 3027 810 3074 11.
832 3022 905 3092 ΗΞ]
926 3037 978 3075 om.
995 3021 1051 3076 Vv.
1113 3025 1150 3073 11.

139 3096 214 3184 ZM]
234 3096 302 3154 ΞΜ
315 3112 341 3163 p.
398 3095 472 3166 ΗΞ]
493 3096 552 3153 ΠΞ
567 3112 594 3164 p.
651 3100 691 3147 13.
712 3093 760 3149 καὶ
775 3091 858 3164 οότω]
878 3092 998 3147 om.Vv.
1057 3098 1100 3147 14.
1120 3089 1152 3145 τὰ

136 3167 257 3237 μεγεθη]
277 3182 329 3219 om.
341 3166 379 3233 V3
399 3167 448 3221 καὶ
467 3164 538 3220 οότω
557 3163 593 3218 τὰ
611 3163 717 3235 μεγέθη
738 3165 801 3218 add.
821 3183 857 3218 m.
873 3179 926 3216 rec.
1001 3170 1044 3218 17.
1065 3163 1151 3232 Supra

136 3236 262 3305 ἀλλήλων
282 3236 346 3292 add.
367 3237 404 3308 μὴ
425 3237 525 3307 ἐφεξῆς
543 3237 670 3304 ἀλλήλοις
688 3254 724 3291 m.
740 3243 755 3289 2
770 3254 795 3290 v.
860 3234 928 3287 Post
946 3232 1070 3290 τεθέντα
1090 3232 1149 3288 add

135 3307 185 3362 καὶ
209 3307 309 3363 ἄνισον
333 3308 496 3379 διεστηκότα
519 3317 568 3363 τοῦ
591 3308 713 3377 ὄμματος
735 3325 770 3361 m.
791 3312 806 3360 2
826 3325 851 3361 v.
944 3311 986 3360 21.
1011 3308 1105 3374 μεῖζον
1126 3321 1149 3357 v.

173 3384 216 3432 22.
236 3382 330 3447 μεῖζον
349 3398 375 3434 v.
441 3387 482 3435 23.
501 3380 571 3434 Post
589 3376 695 3450 μεγέθη
715 3378 779 3431 add.
798 3376 833 3431 τὰ
853 3377 908 3445 ἄρα
928 3375 973 3430 ίσα
994 3376 1101 3464 μεγέθη
1119 3373 1150 3430 τὰ

136 3447 184 3503 ἐπὶ
201 3457 251 3519 τῆς
270 3452 356 3521 αὐτῆς
376 3449 491 3514 εόθείας
511 3451 579 3507 ὄντα
598 3452 775 3521 πορρώτερον
794 3448 917 3517 ἀλλήλων
932 3451 1055 3503 τεθεντα
1070 3448 1150 3504 ἄνισα

134 3516 269 3591 φαίνεται
286 3539 323 3577 m.
342 3537 396 3576 rec.
416 3522 448 3577 V.

72 3600 160 3720 k
