2424 3944
426 163 701 222 eaonncounru.
734 234 737 239 Ι
968 155 1071 219 xxxv

59 303 181 372 praebet
204 302 264 357 cod.
283 301 477 356 Bibliothecae
501 301 646 371 Gymnasii
665 302 833 357 Torunensis
859 304 952 358 ltIV⁰
972 312 987 357 2
1009 307 1069 373 (scr.

62 400 86 438 a.
108 387 188 452 1359,
210 400 236 438 u.
256 381 355 437 Curtze
374 381 506 437 Zeitschr.
527 381 546 437 f.
565 382 653 436 Math.
672 399 699 436 u.
714 382 796 452 Phys.
818 389 895 452 1868,
913 383 968 440 litt.
983 384 1069 439 Abth.

61 481 89 532 p.
98 466 135 523 45
142 465 202 532 sq),
217 461 266 530 qui
279 462 470 517 recensionem
483 461 610 516 continet
624 479 641 516 a
654 461 777 532 genuina
790 463 879 517 multo
890 463 1072 518 diuersiorem

62 546 93 597 61
110 541 319 612 interpolatam.
357 559 392 596 ex
410 559 443 597 eo
463 542 558 596 codice
577 541 623 594 hic
642 541 822 612 subiungam,
846 560 918 611 quae
937 544 1023 598 etiam
1041 544 1071 596 in

62 623 162 678 Duc
184 623 221 693 (G
231 649 265 670 =
280 622 340 677 cod.
361 622 447 678 Oxou.
467 621 535 677 Coll.
555 621 635 691 Corp.
655 621 716 677 Chr.
737 625 799 692 283)
824 621 928 691 inueni,
953 623 1070 677 adiectis
1099 630 1111 668 5

62 704 164 758 horum
178 702 321 772 scripturis
336 702 512 758 uariantibus
526 705 562 773 (p.
574 707 598 771 3,
610 708 715 757 13-14
727 702 816 757 habet
832 704 866 758 T:
886 719 981 756 omnes
995 704 1072 757 uisus

61 783 246 852 equeueloces
271 800 343 853 esse,
371 783 420 852 qui
448 782 600 836 secundum
623 782 736 850 equales
760 781 878 851 angulos
902 782 1072 853 deferuntur,

61 880 120 918 non
143 866 239 918 autem
261 866 327 918 sunt
349 862 543 932 equeueloces‚
572 861 620 930 qui
644 861 796 916 secundum
819 861 964 930 inequales
982 862 1072 918 lineas

62 943 234 1000 deferuntur.
277 961 334 998 non
358 944 409 997 sub
434 959 598 1010 quocunque
621 942 725 1012 angulo
748 959 808 997 rem
830 942 928 997 uideri.
966 943 1073 997 indea

62 1039 141 1094 prop.
161 1028 196 1076 28
219 1023 309 1093 magis
333 1023 369 1077 ad
388 1024 418 1077 D
442 1019 555 1075 adcedit
580 1023 609 1074 et
630 1025 742 1091 practer
764 1022 997 1092 interpolationes
1020 1023 1112 1076 mi-10

61 1118 145 1157 nores
165 1103 283 1157 eandem
300 1102 491 1157 recensionem
508 1101 642 1170 praebet).

134 1199 214 1252 prop.
230 1190 258 1238 1:
280 1182 397 1237 Nullum
415 1181 539 1234 uisorum
558 1180 641 1234 simul
659 1183 750 1235 totum
768 1180 888 1236 uidetur.
925 1181 956 1234 in
974 1183 1073 1236 eodem

62 1262 184 1317 instanti
202 1279 260 1316 non
277 1262 367 1317 uideri
384 1262 474 1331 plura.
503 1263 564 1316 esto
582 1260 675 1315 uisum
693 1263 742 1329 661,
761 1261 858 1315 oculus
872 1278 939 1316 uero
954 1264 976 1317 b.
1009 1261 1071 1316 dico

62 1342 164 1413 igitur,
189 1343 265 1411 quod
287 1359 343 1397 non
366 1341 449 1396 simul
468 1341 717 1410 comprehendetur
740 1359 757 1395 a
775 1341 839 1395 uisu
857 1344 900 1397 ad
920 1343 1072 1396 secundum

62 1439 93 1477 66
112 1424 213 1478 totum.
250 1421 380 1476 incidunt
397 1420 470 1475 radii
489 1423 540 1490 16,
556 1424 601 1491 16,
617 1424 669 1490 bd3
692 1425 724 1477 bt
742 1439 809 1476 uero
833 1422 871 1476 sit
888 1423 1073 1492 perpendicu-
1088 1426 1113 1466 15

513 1499 580 1554 laris
600 1517 683 1570 super
700 1503 749 1557 ad.
786 1501 919 1569 quoniam
936 1501 1025 1571 igitur
1042 1502 1073 1554 in

257 1563 279 1634 b
512 1579 655 1650 triangulo
687 1584 750 1637 1661
783 1581 902 1650 angulus
936 1584 998 1636 bed
1030 1586 1073 1636 cst

513 1662 619 1729 rectus,
639 1660 693 1714 erit
710 1677 761 1729 per
780 1666 813 1714 11
831 1660 915 1730 primi
933 1661 1072 1715 maximus

514 1740 633 1809 angulus
643 1739 878 1812 illiusjtrianguli3
890 1757 975 1808 quare
982 1747 1072 1809 per19

513 1819 638 1874 eiusdem
674 1819 701 1874 ei
733 1823 889 1891 opponetur
919 1820 1072 1874 maximum
1087 1827 1112 1866 20

512 1899 595 1954 latus.
623 1902 701 1954 recta
714 1899 801 1969 igitur
815 1899 891 1953 linea
905 1902 945 1955 bd
962 1899 1074 1970 longior

514 1978 568 2033 erit
589 1982 667 2033 recta
689 1978 765 2033 linea
785 1983 826 2036 bc.
865 1983 893 2034 et
912 1981 1010 2034 eadem
1028 1997 1072 2034 ra-

513 2058 591 2113 tione
604 2060 644 2114 16
658 2057 768 2128 longior
782 2061 824 2115 bc.
853 2063 994 2114 resecetur
1006 2076 1072 2130 ergo

512 2154 563 2207 per
583 2143 607 2192 3.
626 2137 751 2192 Euelidis
776 2139 813 2193 ad
832 2139 1015 2208 equalitatem
1034 2144 1073 2196 161

107 2236 131 2279 e
418 2221 456 2282 f
513 2217 627 2286 quidem
654 2217 685 2272 in
705 2221 810 2296 puncto
835 2237 860 2288 6,
890 2222 929 2275 16
951 2236 1017 2274 6616
1042 2221 1071 2274 in
1087 2227 1113 2266 25

298 2301 435 2411 Δ
512 2299 617 2387 puncto
639 2299 659 2366 f.
706 2297 840 2387 quopiam
865 2297 953 2368 igitur
977 2317 1072 2354 omnes

68 2389 102 2454 d
252 2406 256 2407 ff
265 2427 288 2465 e
438 2416 467 2460 a
512 2394 590 2430 ursus
607 2379 772 2447 transpos1t1
791 2378 944 2432 secundum
958 2380 1072 2447 equales

357 2463 360 2473 '
514 2457 603 2512 lineas
622 2461 689 2511 sunt
707 2458 897 2527 equeueloces,
917 2459 947 2511 in
965 2460 1072 2527 equali·

63 2536 118 2590 bus
141 2532 270 2604 partibus
294 2533 418 2589 defertur
440 2535 517 2591 uisus
541 2537 577 2592 ab
601 2537 681 2591 oculo
705 2541 721 2593 b
749 2538 785 2591 ad
810 2537 866 2591 tria
888 2543 994 2607 puncta
1016 2543 1071 2608 eof.

63 2614 142 2668 uisus
166 2612 281 2681 quidem
304 2612 414 2667 delatus
434 2618 485 2670 ab
509 2633 591 2686 super
613 2616 717 2671 lineam
735 2620 775 2674 161
798 2617 880 2672 citius
899 2618 988 2674 fertur
1006 2620 1043 2673 ad
1061 2633 1114 2676 666

64 2727 246 2783 continentur
263 2726 294 2781 in
312 2727 367 2783 isto
386 2729 467 2786 libro.
497 2731 618 2802 Aimare,
638 2733 745 2802 gratias
765 2749 825 2803 age,
845 2733 984 2801 quiahoc
1003 2752 1073 2804 opus

64 2799 106 2854 sic
133 2798 284 2869 glosulasti
312 2799 363 2853 sub
382 2801 518 2871 magistro
541 2803 665 2858 Iohanne
690 2805 724 2858 de
749 2805 914 2860 Beaumont.
958 2805 1074 2874 explicit

62 2870 186 2926 feliciter
204 2869 276 2924 liber
295 2871 330 2924 de
347 2870 418 2926 uisu.

138 3001 179 3050 12.
199 2993 258 3049 alia
270 2994 428 3053 translatis.
455 2997 565 3051 nullum
583 2997 707 3052 uisorum
726 2999 914 3054 simultatum
928 2999 1018 3054 uideri
1034 3002 1072 3057 D.

63 3067 152 3121 babet
171 3065 229 3120 alia
246 3066 403 3123 translatio.
434 3067 465 3122 in
483 3069 581 3124 eodem
599 3069 718 3124 instanti
736 3088 793 3125 non
811 3070 902 3124 uideri
919 3071 1002 3140 plura
1020 3073 1077 3129 Lc

63 3139 158 3194 6616616
176 3138 289 3194 omissae
362 3143 403 3194 14.
422 3138 521 3213 igitur]
541 3156 607 3211 ergo
625 3141 663 3196 D.
725 3147 767 3196 15.
787 3141 927 3214 incidunt]
946 3142 1075 3199 incidant

65 3208 142 3264 enim
159 3208 198 3263 D.
263 3215 305 3264 16.
324 3208 423 3282 igitur]
444 3227 509 3280 ergo
528 3212 565 3266 D.
628 3219 669 3268 18.
687 3212 772 3282 primi
789 3211 915 3266 Euclidis
934 3215 971 3270 D.
1031 3220 1072 3270 21.

62 3279 154 3350 igitur
184 3295 251 3351 ergo
269 3280 307 3335 D.
371 3286 414 3336 22.
434 3280 617 3405 61111Ε6611).
681 3290 723 3340 23.
743 3282 855 3353 longior
873 3288 917 3338 est
934 3286 971 3340 D.
1027 3288 1073 3358 16]

64 3353 134 3408 166
175 3366 219 3405 em
236 3351 275 3406 D.
330 3357 372 3407 24.
391 3368 442 3421 per
455 3358 479 3408 3.
518 3353 631 3426 uclidis]
650 3355 748 3410 cm.D.
805 3356 860 3426 bd]
879 3355 967 3425 ipsius
982 3359 1073 3413 bdD.

99 3428 143 3478 26.
163 3421 263 3504 igitur]
283 3438 349 3493 ergo
367 3423 406 3478 D.
488 3429 530 3479 27.
549 3424 734 3495 transportati
752 3426 791 3481 D.
873 3432 914 3482 29.
933 3428 1074 3501 partibus]

63 3494 239 3564 temporibus
258 3493 296 3550 D.
369 3499 411 3549 80.
430 3495 556 3568 quidem]
575 3498 670 3551 autem
687 3497 726 3551 D.

882 3588 916 3642 οὐ
