<?xml version="1.0" encoding="UTF-8"?>
<!DOCTYPE html PUBLIC "-//W3C//DTD XHTML 1.0 Transitional//EN"
    "http://www.w3.org/TR/xhtml1/DTD/xhtml1-transitional.dtd">
<html xmlns="http://www.w3.org/1999/xhtml" xml:lang="en" lang="en">
 <head>
  <title>
</title>
<meta http-equiv="Content-Type" content="text/html;charset=utf-8" />
  <meta name='ocr-system' content='tesseract 3.04.00' />
  <meta name='ocr-capabilities' content='ocr_page ocr_carea ocr_par ocr_line ocrx_word'/>
</head>
<body>
  <div class='ocr_page' id='page_1' title='image "./euclidisoperaom01unkngoog_0120.png"; bbox 0 0 2424 3944; ppageno 0'>
   <div class='ocr_carea' id='block_1_1' title="bbox 399 148 1066 212">
    <p class='ocr_par' dir='ltr' id='par_1_1' title="bbox 399 148 1066 212">
     <span class='ocr_line' id='line_1_1' title="bbox 399 148 1066 212; baseline 0.001 -13"><span class='ocrx_word' id='word_1_1' title='bbox 399 148 569 200; x_wconf 80' lang='lat' dir='ltr'><strong>nucnnns</strong></span> <span class='ocrx_word' id='word_1_2' title='bbox 588 149 724 200; x_wconf 73' lang='lat' dir='ltr'><strong>opnor.</strong></span> <span class='ocrx_word' id='word_1_3' title='bbox 1024 148 1066 212; x_wconf 77' lang='lat'><strong>57</strong></span> 
     </span>
    </p>
   </div>
   <div class='ocr_carea' id='block_1_2' title="bbox 47 289 1123 3039">
    <p class='ocr_par' dir='ltr' id='par_1_2' title="bbox 53 289 1121 1124">
     <span class='ocr_line' id='line_1_2' title="bbox 125 289 1069 376; baseline 0.005 -22"><span class='ocrx_word' id='word_1_4' title='bbox 125 289 160 354; x_wconf 80' lang='lat' dir='ltr'><strong>Si</strong></span> <span class='ocrx_word' id='word_1_5' title='bbox 184 292 225 356; x_wconf 84' lang='lat' dir='ltr'><strong>eb</strong></span> <span class='ocrx_word' id='word_1_6' title='bbox 250 291 343 357; x_wconf 91' lang='lat' dir='ltr'><strong>oculo</strong></span> <span class='ocrx_word' id='word_1_7' title='bbox 367 293 408 356; x_wconf 81' lang='lat' dir='ltr'><strong>ad</strong></span> <span class='ocrx_word' id='word_1_8' title='bbox 429 292 536 356; x_wconf 85' lang='lat' dir='ltr'><strong>basim</strong></span> <span class='ocrx_word' id='word_1_9' title='bbox 559 291 633 357; x_wconf 88' lang='lat' dir='ltr'><strong>coni</strong></span> <span class='ocrx_word' id='word_1_10' title='bbox 660 292 807 357; x_wconf 80' lang='lat' dir='ltr'><strong>occidant</strong></span> <span class='ocrx_word' id='word_1_11' title='bbox 831 292 925 376; x_wconf 81' lang='lat' dir='ltr'><strong>radii,</strong></span> <span class='ocrx_word' id='word_1_12' title='bbox 954 293 995 358; x_wconf 82' lang='lat' dir='ltr'><strong>ab</strong></span> <span class='ocrx_word' id='word_1_13' title='bbox 1019 317 1069 359; x_wconf 84' lang='lat' dir='ltr'><strong>ac·</strong></span> 
     </span>
     <span class='ocr_line' id='line_1_3' title="bbox 54 398 1069 484; baseline 0.001 -21"><span class='ocrx_word' id='word_1_14' title='bbox 54 398 240 464; x_wconf 87' lang='lat' dir='ltr'><strong>cidentibus</strong></span> <span class='ocrx_word' id='word_1_15' title='bbox 272 421 350 463; x_wconf 88' lang='lat' dir='ltr'><strong>uero</strong></span> <span class='ocrx_word' id='word_1_16' title='bbox 378 399 478 463; x_wconf 85' lang='lat' dir='ltr'><strong>radiis</strong></span> <span class='ocrx_word' id='word_1_17' title='bbox 511 404 544 463; x_wconf 91' lang='lat' dir='ltr'><strong>et</strong></span> <span class='ocrx_word' id='word_1_18' title='bbox 572 398 836 484; x_wconf 82' lang='lat' dir='ltr'><strong>contingentibus</strong></span> <span class='ocrx_word' id='word_1_19' title='bbox 869 423 888 463; x_wconf 83' lang='lat' dir='ltr'>a</span> <span class='ocrx_word' id='word_1_20' title='bbox 916 405 1069 464; x_wconf 85' lang='lat' dir='ltr'><strong>contactu</strong></span> 
     </span>
     <span class='ocr_line' id='line_1_4' title="bbox 54 505 1070 591; baseline 0.001 -21"><span class='ocrx_word' id='word_1_21' title='bbox 54 510 165 570; x_wconf 78' lang='lat' dir='ltr'><strong>rectae</strong></span> <span class='ocrx_word' id='word_1_22' title='bbox 183 506 355 570; x_wconf 71' lang='lat' dir='ltr'>trahantur</span> <span class='ocrx_word' id='word_1_23' title='bbox 373 527 432 590; x_wconf 89' lang='lat' dir='ltr'><strong>per</strong></span> <span class='ocrx_word' id='word_1_24' title='bbox 450 505 652 590; x_wconf 87' lang='lat' dir='ltr'><strong>superficiem</strong></span> <span class='ocrx_word' id='word_1_25' title='bbox 673 505 746 570; x_wconf 90' lang='lat' dir='ltr'><strong>coni</strong></span> <span class='ocrx_word' id='word_1_26' title='bbox 765 507 804 569; x_wconf 84' lang='lat' dir='ltr'><strong>ad</strong></span> <span class='ocrx_word' id='word_1_27' title='bbox 818 505 973 571; x_wconf 87' lang='lat' dir='ltr'><strong>uerticem</strong></span> <span class='ocrx_word' id='word_1_28' title='bbox 991 507 1070 591; x_wconf 78' lang='lat' dir='ltr'><strong>eius,</strong></span> 
     </span>
     <span class='ocr_line' id='line_1_5' title="bbox 53 612 1069 697; baseline 0.004 -22"><span class='ocrx_word' id='word_1_29' title='bbox 53 635 115 697; x_wconf 90' lang='lat' dir='ltr'><strong>per</strong></span> <span class='ocrx_word' id='word_1_30' title='bbox 141 617 324 696; x_wconf 81' lang='lat' dir='ltr'><strong>protractes</strong></span> <span class='ocrx_word' id='word_1_31' title='bbox 352 634 430 676; x_wconf 87' lang='lat' dir='ltr'><strong>uero</strong></span> <span class='ocrx_word' id='word_1_32' title='bbox 463 617 496 676; x_wconf 98' lang='grc' dir='ltr'><strong>εὴ</strong></span> <span class='ocrx_word' id='word_1_33' title='bbox 524 613 565 677; x_wconf 85' lang='lat' dir='ltr'><strong>ab</strong></span> <span class='ocrx_word' id='word_1_34' title='bbox 594 612 687 677; x_wconf 90' lang='lat' dir='ltr'><strong>oculo</strong></span> <span class='ocrx_word' id='word_1_35' title='bbox 721 613 762 676; x_wconf 79' lang='lat' dir='ltr'><strong>cd</strong></span> <span class='ocrx_word' id='word_1_36' title='bbox 788 613 893 677; x_wconf 81' lang='lat' dir='ltr'><strong>basim</strong></span> <span class='ocrx_word' id='word_1_37' title='bbox 921 614 994 678; x_wconf 84' lang='lat' dir='ltr'><strong>coni</strong></span> <span class='ocrx_word' id='word_1_38' title='bbox 1020 637 1069 679; x_wconf 84' lang='lat' dir='ltr'><strong>ac-</strong></span> 
     </span>
     <span class='ocr_line' id='line_1_6' title="bbox 54 719 1121 805; baseline -0.001 -20"><span class='ocrx_word' id='word_1_39' title='bbox 54 719 200 785; x_wconf 78' lang='lat' dir='ltr'><strong>sidentes</strong></span> <span class='ocrx_word' id='word_1_40' title='bbox 224 719 360 802; x_wconf 84' lang='lat' dir='ltr'><strong>ebipeda</strong></span> <span class='ocrx_word' id='word_1_41' title='bbox 383 720 569 804; x_wconf 77' lang='lat' dir='ltr'><strong>educantur,</strong></span> <span class='ocrx_word' id='word_1_42' title='bbox 591 719 626 782; x_wconf 94' lang='lat' dir='ltr'><strong>in</strong></span> <span class='ocrx_word' id='word_1_43' title='bbox 649 723 802 784; x_wconf 86' lang='lat' dir='ltr'><strong>contactu</strong></span> <span class='ocrx_word' id='word_1_44' title='bbox 821 724 930 784; x_wconf 83' lang='lat' dir='ltr'><strong>autem</strong></span> <span class='ocrx_word' id='word_1_45' title='bbox 949 742 1068 805; x_wconf 81' lang='lat' dir='ltr'><strong>eorum,</strong></span> <span class='ocrx_word' id='word_1_46' title='bbox 1105 728 1121 776; x_wconf 81' lang='lat'><strong>5</strong></span> 
     </span>
     <span class='ocr_line' id='line_1_7' title="bbox 54 825 1070 910; baseline 0 -20"><span class='ocrx_word' id='word_1_47' title='bbox 54 826 121 892; x_wconf 90' lang='lat' dir='ltr'><strong>hoc</strong></span> <span class='ocrx_word' id='word_1_48' title='bbox 136 831 186 890; x_wconf 85' lang='lat' dir='ltr'><strong>est</strong></span> <span class='ocrx_word' id='word_1_49' title='bbox 203 825 239 889; x_wconf 82' lang='lat' dir='ltr'><strong>in</strong></span> <span class='ocrx_word' id='word_1_50' title='bbox 258 826 421 891; x_wconf 91' lang='lat' dir='ltr'><strong>communi</strong></span> <span class='ocrx_word' id='word_1_51' title='bbox 443 826 584 890; x_wconf 80' lang='lat' dir='ltr'><strong>sectione</strong></span> <span class='ocrx_word' id='word_1_52' title='bbox 604 826 822 910; x_wconf 86' lang='lat' dir='ltr'><strong>ebipcdorum‚</strong></span> <span class='ocrx_word' id='word_1_53' title='bbox 842 826 954 891; x_wconf 89' lang='lat' dir='ltr'><strong>oculus</strong></span> <span class='ocrx_word' id='word_1_54' title='bbox 973 849 1070 910; x_wconf 86' lang='lat' dir='ltr'><strong>pona-</strong></span> 
     </span>
     <span class='ocr_line' id='line_1_8' title="bbox 56 932 1070 1018; baseline 0 -21"><span class='ocrx_word' id='word_1_55' title='bbox 56 937 126 1018; x_wconf 81' lang='lat' dir='ltr'><strong>tur,</strong></span> <span class='ocrx_word' id='word_1_56' title='bbox 154 932 263 997; x_wconf 85' lang='lat' dir='ltr'><strong>uisum</strong></span> <span class='ocrx_word' id='word_1_57' title='bbox 286 932 360 997; x_wconf 85' lang='lat' dir='ltr'><strong>coni</strong></span> <span class='ocrx_word' id='word_1_58' title='bbox 383 954 441 1016; x_wconf 89' lang='lat' dir='ltr'><strong>per</strong></span> <span class='ocrx_word' id='word_1_59' title='bbox 463 937 571 996; x_wconf 91' lang='lat' dir='ltr'><strong>totum</strong></span> <span class='ocrx_word' id='word_1_60' title='bbox 595 932 728 1017; x_wconf 84' lang='lat' dir='ltr'><strong>aequale</strong></span> <span class='ocrx_word' id='word_1_61' title='bbox 751 933 916 997; x_wconf 88' lang='lat' dir='ltr'><strong>uidebitur</strong></span> <span class='ocrx_word' id='word_1_62' title='bbox 939 933 1013 998; x_wconf 89' lang='lat' dir='ltr'><strong>uisu</strong></span> <span class='ocrx_word' id='word_1_63' title='bbox 1035 933 1070 997; x_wconf 88' lang='lat' dir='ltr'><strong>in</strong></span> 
     </span>
     <span class='ocr_line' id='line_1_9' title="bbox 53 1038 967 1124; baseline 0 -20"><span class='ocrx_word' id='word_1_64' title='bbox 53 1039 213 1124; x_wconf 78' lang='lat' dir='ltr'><strong>parallelo</strong></span> <span class='ocrx_word' id='word_1_65' title='bbox 238 1039 374 1123; x_wconf 88' lang='lat' dir='ltr'><strong>ebipedo</strong></span> <span class='ocrx_word' id='word_1_66' title='bbox 396 1038 656 1123; x_wconf 79' lang='lat' dir='ltr'><strong>praesubincenti</strong></span> <span class='ocrx_word' id='word_1_67' title='bbox 678 1039 776 1124; x_wconf 84' lang='lat' dir='ltr'><strong>plano</strong></span> <span class='ocrx_word' id='word_1_68' title='bbox 800 1040 967 1104; x_wconf 72' lang='lat' dir='ltr'><strong>existente.</strong></span> 
     </span>
    </p>

    <p class='ocr_par' dir='ltr' id='par_1_3' title="bbox 54 1145 1123 1338">
     <span class='ocr_line' id='line_1_10' title="bbox 122 1145 1070 1231; baseline 0 -20"><span class='ocrx_word' id='word_1_69' title='bbox 122 1151 193 1211; x_wconf 89' lang='lat' dir='ltr'><strong>esto</strong></span> <span class='ocrx_word' id='word_1_70' title='bbox 218 1168 328 1231; x_wconf 81' lang='lat' dir='ltr'><strong>conus,</strong></span> <span class='ocrx_word' id='word_1_71' title='bbox 351 1146 441 1210; x_wconf 90' lang='lat' dir='ltr'><strong>cuius</strong></span> <span class='ocrx_word' id='word_1_72' title='bbox 465 1145 553 1210; x_wconf 84' lang='lat' dir='ltr'><strong>basis</strong></span> <span class='ocrx_word' id='word_1_73' title='bbox 578 1146 707 1231; x_wconf 88' lang='lat' dir='ltr'><strong>quidem</strong></span> <span class='ocrx_word' id='word_1_74' title='bbox 727 1146 865 1211; x_wconf 86' lang='lat' dir='ltr'><strong>circulus</strong></span> <span class='ocrx_word' id='word_1_75' title='bbox 885 1147 935 1231; x_wconf 66' lang='lat' dir='ltr'><strong>by,</strong></span> <span class='ocrx_word' id='word_1_76' title='bbox 957 1152 1070 1211; x_wconf 84' lang='lat' dir='ltr'><strong>uertex</strong></span> 
     </span>
     <span class='ocr_line' id='line_1_11' title="bbox 54 1251 1123 1338; baseline -0.001 -20"><span class='ocrx_word' id='word_1_77' title='bbox 54 1276 137 1318; x_wconf 92' lang='lat' dir='ltr'><strong>uero</strong></span> <span class='ocrx_word' id='word_1_78' title='bbox 161 1275 183 1318; x_wconf 84' lang='lat' dir='ltr'><strong>u</strong></span> <span class='ocrx_word' id='word_1_79' title='bbox 209 1257 364 1338; x_wconf 82' lang='lat' dir='ltr'><strong>punctus,</strong></span> <span class='ocrx_word' id='word_1_80' title='bbox 396 1251 508 1316; x_wconf 90' lang='lat' dir='ltr'><strong>oculus</strong></span> <span class='ocrx_word' id='word_1_81' title='bbox 535 1274 613 1317; x_wconf 90' lang='lat' dir='ltr'><strong>uero</strong></span> <span class='ocrx_word' id='word_1_82' title='bbox 642 1253 685 1316; x_wconf 87' lang='lat' dir='ltr'><strong>sit</strong></span> <span class='ocrx_word' id='word_1_83' title='bbox 712 1254 746 1335; x_wconf 76' lang='lat' dir='ltr'><strong>d,</strong></span> <span class='ocrx_word' id='word_1_84' title='bbox 779 1276 797 1317; x_wconf 82' lang='lat' dir='ltr'><strong>e</strong></span> <span class='ocrx_word' id='word_1_85' title='bbox 829 1275 893 1336; x_wconf 88' lang='lat' dir='ltr'><strong>quo</strong></span> <span class='ocrx_word' id='word_1_86' title='bbox 922 1253 1070 1318; x_wconf 83' lang='lat' dir='ltr'><strong>accident</strong></span> <span class='ocrx_word' id='word_1_87' title='bbox 1089 1262 1123 1310; x_wconf 90' lang='lat'><strong>10</strong></span> 
     </span>
    </p>

    <p class='ocr_par' dir='ltr' id='par_1_4' title="bbox 47 1358 1123 3039">
     <span class='ocr_line' id='line_1_12' title="bbox 743 1358 1069 1444; baseline 0.009 -22"><span class='ocrx_word' id='word_1_88' title='bbox 743 1358 826 1422; x_wconf 81' lang='lat' dir='ltr'><strong>radii</strong></span> <span class='ocrx_word' id='word_1_89' title='bbox 859 1361 910 1440; x_wconf 66' lang='lat' dir='ltr'><strong>qd</strong></span> <span class='ocrx_word' id='word_1_90' title='bbox 948 1364 981 1424; x_wconf 91' lang='lat' dir='ltr'><strong>et</strong></span> <span class='ocrx_word' id='word_1_91' title='bbox 1017 1362 1069 1444; x_wconf 65' lang='lat' dir='ltr'><strong>dr,</strong></span> 
     </span>
     <span class='ocr_line' id='line_1_13' title="bbox 745 1465 1070 1548; baseline 0.006 -21"><span class='ocrx_word' id='word_1_92' title='bbox 745 1465 944 1548; x_wconf 81' lang='lat' dir='ltr'><strong>duceturque</strong></span> <span class='ocrx_word' id='word_1_93' title='bbox 964 1487 1070 1531; x_wconf 86' lang='lat' dir='ltr'><strong>acon-</strong></span> 
     </span>
     <span class='ocr_line' id='line_1_14' title="bbox 744 1571 1069 1655; baseline -0.003 -20"><span class='ocrx_word' id='word_1_94' title='bbox 744 1571 887 1635; x_wconf 85' lang='lat' dir='ltr'><strong>tactibus</strong></span> <span class='ocrx_word' id='word_1_95' title='bbox 919 1592 951 1655; x_wconf 71' lang='lat' dir='ltr'><strong>z,</strong></span> <span class='ocrx_word' id='word_1_96' title='bbox 976 1593 998 1653; x_wconf 76' lang='lat'><em>9</em></span> <span class='ocrx_word' id='word_1_97' title='bbox 1030 1572 1069 1635; x_wconf 82' lang='lat' dir='ltr'><strong>ad</strong></span> 
     </span>
     <span class='ocr_line' id='line_1_15' title="bbox 745 1677 1070 1742; baseline 0.003 -2"><span class='ocrx_word' id='word_1_98' title='bbox 745 1677 901 1741; x_wconf 89' lang='lat' dir='ltr'><strong>uerticem</strong></span> <span class='ocrx_word' id='word_1_99' title='bbox 939 1699 960 1741; x_wconf 85' lang='lat' dir='ltr'><strong><em>a</em></strong></span> <span class='ocrx_word' id='word_1_100' title='bbox 997 1677 1070 1742; x_wconf 92' lang='lat' dir='ltr'><strong>coni</strong></span> 
     </span>
     <span class='ocr_line' id='line_1_16' title="bbox 744 1783 1122 1870; baseline 0.003 -24"><span class='ocrx_word' id='word_1_101' title='bbox 744 1783 846 1848; x_wconf 84' lang='lat' dir='ltr'><strong>latera</strong></span> <span class='ocrx_word' id='word_1_102' title='bbox 877 1803 921 1848; x_wconf 68' lang='lat' dir='ltr'><strong>rc</strong></span> <span class='ocrx_word' id='word_1_103' title='bbox 952 1788 985 1848; x_wconf 92' lang='lat' dir='ltr'><strong>et</strong></span> <span class='ocrx_word' id='word_1_104' title='bbox 1014 1805 1070 1870; x_wconf 67' lang='lat' dir='ltr'><strong>qu,</strong></span> <span class='ocrx_word' id='word_1_105' title='bbox 1090 1793 1122 1841; x_wconf 80' lang='lat'><strong>15</strong></span> 
     </span>
     <span class='ocr_line' id='line_1_17' title="bbox 745 1890 1070 1955; baseline 0 -1"><span class='ocrx_word' id='word_1_106' title='bbox 745 1895 778 1954; x_wconf 96' lang='lat' dir='ltr'><strong>et</strong></span> <span class='ocrx_word' id='word_1_107' title='bbox 813 1892 970 1955; x_wconf 84' lang='lat' dir='ltr'><strong>educetur</strong></span> <span class='ocrx_word' id='word_1_108' title='bbox 1006 1890 1070 1954; x_wconf 91' lang='lat' dir='ltr'><strong>ebi-</strong></span> 
     </span>
     <span class='ocr_line' id='line_1_18' title="bbox 744 1998 1070 2081; baseline -0.006 -19"><span class='ocrx_word' id='word_1_109' title='bbox 744 1999 862 2081; x_wconf 89' lang='lat' dir='ltr'><strong>pedum</strong></span> <span class='ocrx_word' id='word_1_110' title='bbox 885 2019 943 2081; x_wconf 89' lang='lat' dir='ltr'><strong>per</strong></span> <span class='ocrx_word' id='word_1_111' title='bbox 965 1998 1009 2078; x_wconf 68' lang='lat' dir='ltr'><strong>dy</strong></span> <span class='ocrx_word' id='word_1_112' title='bbox 1037 2001 1070 2061; x_wconf 94' lang='lat' dir='ltr'><strong>et</strong></span> 
     </span>
     <span class='ocr_line' id='line_1_19' title="bbox 742 2106 1069 2188; baseline 0 -21"><span class='ocrx_word' id='word_1_113' title='bbox 742 2125 791 2188; x_wconf 70' lang='lat' dir='ltr'><strong>qu</strong></span> <span class='ocrx_word' id='word_1_114' title='bbox 823 2109 856 2168; x_wconf 92' lang='lat' dir='ltr'><strong>et</strong></span> <span class='ocrx_word' id='word_1_115' title='bbox 888 2106 931 2169; x_wconf 69' lang='lat' dir='ltr'><strong>dc</strong></span> <span class='ocrx_word' id='word_1_116' title='bbox 958 2108 991 2167; x_wconf 95' lang='grc' dir='ltr'><strong>εὴ</strong></span> <span class='ocrx_word' id='word_1_117' title='bbox 1018 2124 1069 2168; x_wconf 70' lang='lat' dir='ltr'><strong>ru.</strong></span> 
     </span>
     <span class='ocr_line' id='line_1_20' title="bbox 745 2209 1069 2295; baseline 0.003 -22"><span class='ocrx_word' id='word_1_118' title='bbox 745 2209 844 2275; x_wconf 83' lang='lat' dir='ltr'><strong>faciet</strong></span> <span class='ocrx_word' id='word_1_119' title='bbox 876 2232 953 2295; x_wconf 82' lang='lat' dir='ltr'><strong>ergo</strong></span> <span class='ocrx_word' id='word_1_120' title='bbox 982 2232 1069 2275; x_wconf 92' lang='lat' dir='ltr'><strong>com-</strong></span> 
     </span>
     <span class='ocr_line' id='line_1_21' title="bbox 746 2316 1123 2382; baseline -0.019 -2"><span class='ocrx_word' id='word_1_121' title='bbox 746 2339 876 2380; x_wconf 91' lang='lat' dir='ltr'><strong>munem</strong></span> <span class='ocrx_word' id='word_1_122' title='bbox 893 2316 1070 2382; x_wconf 83' lang='lat' dir='ltr'><strong>sectionem</strong></span> <span class='ocrx_word' id='word_1_123' title='bbox 1088 2325 1123 2374; x_wconf 79' lang='lat'><strong>20</strong></span> 
     </span>
     <span class='ocr_line' id='line_1_22' title="bbox 744 2421 1071 2505; baseline 0 -19"><span class='ocrx_word' id='word_1_124' title='bbox 744 2423 864 2487; x_wconf 85' lang='lat' dir='ltr'><strong>lineam</strong></span> <span class='ocrx_word' id='word_1_125' title='bbox 879 2423 985 2505; x_wconf 88' lang='lat' dir='ltr'><strong>sitque</strong></span> <span class='ocrx_word' id='word_1_126' title='bbox 999 2421 1071 2505; x_wconf 81' lang='lat' dir='ltr'><strong>ipsa</strong></span> 
     </span>
     <span class='ocr_line' id='line_1_23' title="bbox 747 2528 1072 2613; baseline -0.003 -20"><span class='ocrx_word' id='word_1_127' title='bbox 747 2530 821 2593; x_wconf 81' lang='lat' dir='ltr'><strong>ued.</strong></span> <span class='ocrx_word' id='word_1_128' title='bbox 867 2528 952 2612; x_wconf 83' lang='lat' dir='ltr'><strong>dico,</strong></span> <span class='ocrx_word' id='word_1_129' title='bbox 976 2529 1072 2613; x_wconf 81' lang='lat' dir='ltr'><strong>quod,</strong></span> 
     </span>
     <span class='ocr_line' id='line_1_24' title="bbox 748 2635 1071 2699; baseline -0.003 0"><span class='ocrx_word' id='word_1_130' title='bbox 748 2635 776 2699; x_wconf 88' lang='lat' dir='ltr'><strong>si</strong></span> <span class='ocrx_word' id='word_1_131' title='bbox 812 2636 847 2699; x_wconf 87' lang='lat' dir='ltr'><strong>in</strong></span> <span class='ocrx_word' id='word_1_132' title='bbox 882 2636 934 2699; x_wconf 82' lang='lat' dir='ltr'><strong>ud</strong></span> <span class='ocrx_word' id='word_1_133' title='bbox 968 2639 1071 2698; x_wconf 83' lang='lat' dir='ltr'><strong>trans-</strong></span> 
     </span>
     <span class='ocr_line' id='line_1_25' title="bbox 47 2738 1070 2828; baseline 0 -24"><span class='ocrx_word' id='word_1_134' title='bbox 47 2742 199 2827; x_wconf 85' lang='lat' dir='ltr'><strong>ponatur</strong></span> <span class='ocrx_word' id='word_1_135' title='bbox 228 2738 353 2825; x_wconf 83' lang='lat' dir='ltr'><strong>oculus,</strong></span> <span class='ocrx_word' id='word_1_136' title='bbox 381 2740 513 2824; x_wconf 80' lang='lat' dir='ltr'><strong>aequale</strong></span> <span class='ocrx_word' id='word_1_137' title='bbox 537 2740 611 2806; x_wconf 87' lang='lat' dir='ltr'><strong>coni</strong></span> <span class='ocrx_word' id='word_1_138' title='bbox 639 2741 816 2828; x_wconf 81' lang='lat' dir='ltr'><strong>uidebitur,</strong></span> <span class='ocrx_word' id='word_1_139' title='bbox 848 2746 1005 2825; x_wconf 83' lang='lat' dir='ltr'><strong>quantum</strong></span> <span class='ocrx_word' id='word_1_140' title='bbox 1038 2745 1070 2804; x_wconf 96' lang='lat' dir='ltr'><strong>et</strong></span> 
     </span>
     <span class='ocr_line' id='line_1_26' title="bbox 50 2846 1123 2928; baseline -0.007 -15"><span class='ocrx_word' id='word_1_141' title='bbox 50 2847 119 2913; x_wconf 87' lang='lat' dir='ltr'><strong>sub</strong></span> <span class='ocrx_word' id='word_1_142' title='bbox 150 2847 204 2928; x_wconf 70' lang='lat' dir='ltr'><strong>qd</strong></span> <span class='ocrx_word' id='word_1_143' title='bbox 233 2850 266 2910; x_wconf 89' lang='lat' dir='ltr'><strong>et</strong></span> <span class='ocrx_word' id='word_1_144' title='bbox 298 2848 345 2912; x_wconf 70' lang='lat' dir='ltr'><strong>dr</strong></span> <span class='ocrx_word' id='word_1_145' title='bbox 380 2846 479 2910; x_wconf 82' lang='lat' dir='ltr'><strong>radiis</strong></span> <span class='ocrx_word' id='word_1_146' title='bbox 517 2848 696 2912; x_wconf 84' lang='lat' dir='ltr'><strong>uidebatur.</strong></span> <span class='ocrx_word' id='word_1_147' title='bbox 751 2849 855 2913; x_wconf 84' lang='lat' dir='ltr'><strong>iaceat</strong></span> <span class='ocrx_word' id='word_1_148' title='bbox 891 2849 978 2914; x_wconf 84' lang='lat' dir='ltr'><strong>enim</strong></span> <span class='ocrx_word' id='word_1_149' title='bbox 1010 2848 1069 2912; x_wconf 83' lang='lat' dir='ltr'><strong>sub</strong></span> <span class='ocrx_word' id='word_1_150' title='bbox 1090 2857 1123 2906; x_wconf 78' lang='lat'><strong>25</strong></span> 
     </span>
     <span class='ocr_line' id='line_1_27' title="bbox 49 2951 1070 3039; baseline -0.002 -19"><span class='ocrx_word' id='word_1_151' title='bbox 49 2954 136 3020; x_wconf 83' lang='lat' dir='ltr'><strong>aed</strong></span> <span class='ocrx_word' id='word_1_152' title='bbox 171 2951 283 3017; x_wconf 90' lang='lat' dir='ltr'><strong>oculus</strong></span> <span class='ocrx_word' id='word_1_153' title='bbox 324 2974 358 3039; x_wconf 83' lang='lat' dir='ltr'><strong>e,</strong></span> <span class='ocrx_word' id='word_1_154' title='bbox 394 2977 413 3017; x_wconf 80' lang='lat' dir='ltr'>a</span> <span class='ocrx_word' id='word_1_155' title='bbox 450 2975 513 3036; x_wconf 91' lang='lat' dir='ltr'><strong>quo</strong></span> <span class='ocrx_word' id='word_1_156' title='bbox 551 2955 699 3020; x_wconf 81' lang='lat' dir='ltr'><strong>accidant</strong></span> <span class='ocrx_word' id='word_1_157' title='bbox 734 2956 817 3019; x_wconf 81' lang='lat' dir='ltr'><strong>radii</strong></span> <span class='ocrx_word' id='word_1_158' title='bbox 866 2957 906 3020; x_wconf 83' lang='lat' dir='ltr'><strong>ad</strong></span> <span class='ocrx_word' id='word_1_159' title='bbox 944 2977 1070 3019; x_wconf 90' lang='lat' dir='ltr'><strong>conum.</strong></span> 
     </span>
    </p>
   </div>
   <div class='ocr_carea' id='block_1_3' title="bbox 52 3081 273 3090">
    <p class='ocr_par' dir='ltr' id='par_1_5' title="bbox 52 3081 273 3090">
     <span class='ocr_line' id='line_1_28' title="bbox 52 3081 273 3090; baseline -0.005 -3"><span class='ocrx_word' id='word_1_160' title='bbox 52 3081 187 3090; x_wconf 72' lang='lat'><strong>——-</strong></span> <span class='ocrx_word' id='word_1_161' title='bbox 192 3081 273 3086; x_wconf 78' lang='grc'><strong><em>.-.-.-</em></strong></span> 
     </span>
    </p>
   </div>
   <div class='ocr_carea' id='block_1_4' title="bbox 93 3145 1069 3288">
    <p class='ocr_par' dir='ltr' id='par_1_6' title="bbox 93 3145 1069 3288">
     <span class='ocr_line' id='line_1_29' title="bbox 131 3145 1069 3218; baseline 0.001 -19"><span class='ocrx_word' id='word_1_162' title='bbox 131 3150 155 3200; x_wconf 81' lang='lat'><strong>2.</strong></span> <span class='ocrx_word' id='word_1_163' title='bbox 181 3145 324 3216; x_wconf 84' lang='lat' dir='ltr'><strong>contactu]</strong></span> <span class='ocrx_word' id='word_1_164' title='bbox 348 3161 416 3200; x_wconf 80' lang='lat' dir='ltr'><strong>corr.</strong></span> <span class='ocrx_word' id='word_1_165' title='bbox 436 3163 470 3199; x_wconf 76' lang='lat' dir='ltr'><strong>ec</strong></span> <span class='ocrx_word' id='word_1_166' title='bbox 492 3148 639 3200; x_wconf 84' lang='lat' dir='ltr'><strong>contractu</strong></span> <span class='ocrx_word' id='word_1_167' title='bbox 662 3148 700 3202; x_wconf 89' lang='lat' dir='ltr'><strong>D.</strong></span> <span class='ocrx_word' id='word_1_168' title='bbox 792 3152 815 3201; x_wconf 78' lang='lat'><strong>7.</strong></span> <span class='ocrx_word' id='word_1_169' title='bbox 840 3146 914 3218; x_wconf 86' lang='lat' dir='ltr'><strong>uisu]</strong></span> <span class='ocrx_word' id='word_1_170' title='bbox 939 3145 1013 3199; x_wconf 88' lang='lat' dir='ltr'><strong>uisui</strong></span> <span class='ocrx_word' id='word_1_171' title='bbox 1031 3147 1069 3200; x_wconf 90' lang='lat' dir='ltr'><strong>D.</strong></span> 
     </span>
     <span class='ocr_line' id='line_1_30' title="bbox 93 3213 590 3288; baseline 0.002 -16"><span class='ocrx_word' id='word_1_172' title='bbox 93 3223 138 3272; x_wconf 88' lang='lat'><strong>16.</strong></span> <span class='ocrx_word' id='word_1_173' title='bbox 159 3218 188 3270; x_wconf 84' lang='lat' dir='ltr'><strong>et</strong></span> <span class='ocrx_word' id='word_1_174' title='bbox 206 3248 239 3256; x_wconf 93' lang='lat'>—</span> <span class='ocrx_word' id='word_1_175' title='bbox 260 3221 301 3271; x_wconf 82' lang='lat'><strong>18.</strong></span> <span class='ocrx_word' id='word_1_176' title='bbox 320 3216 372 3288; x_wconf 68' lang='lat' dir='ltr'><strong>qa]</strong></span> <span class='ocrx_word' id='word_1_177' title='bbox 391 3234 444 3287; x_wconf 66' lang='lat' dir='ltr'><strong>my.</strong></span> <span class='ocrx_word' id='word_1_178' title='bbox 462 3234 497 3271; x_wconf 83' lang='lat' dir='ltr'><strong>m.</strong></span> <span class='ocrx_word' id='word_1_179' title='bbox 516 3213 590 3273; x_wconf 80' lang='lat'><strong><em>1&#39;1).</em></strong></span> 
     </span>
    </p>
   </div>
   <div class='ocr_carea' id='block_1_5' title="bbox 50 3394 1181 3468">
    <p class='ocr_par' dir='ltr' id='par_1_7' title="bbox 50 3394 1181 3468">
     <span class='ocr_line' id='line_1_31' title="bbox 50 3394 1181 3468; baseline -0.005 -15"><span class='ocrx_word' id='word_1_180' title='bbox 50 3414 145 3467; x_wconf 82' lang='lat' dir='ltr'><strong>supra</strong></span> <span class='ocrx_word' id='word_1_181' title='bbox 165 3412 215 3450; x_wconf 86' lang='lat' dir='ltr'><strong>scr.</strong></span> <span class='ocrx_word' id='word_1_182' title='bbox 230 3413 265 3449; x_wconf 92' lang='lat' dir='ltr'><strong>m.</strong></span> <span class='ocrx_word' id='word_1_183' title='bbox 282 3401 296 3449; x_wconf 92' lang='lat'>1</span> <span class='ocrx_word' id='word_1_184' title='bbox 314 3395 345 3465; x_wconf 79' lang='lat' dir='ltr'><strong>B,</strong></span> <span class='ocrx_word' id='word_1_185' title='bbox 364 3400 402 3466; x_wconf 81' lang='grc' dir='ltr'><strong>τῷ</strong></span> <span class='ocrx_word' id='word_1_186' title='bbox 421 3413 446 3464; x_wconf 79' lang='lat' dir='ltr'><strong>r,</strong></span> <span class='ocrx_word' id='word_1_187' title='bbox 465 3403 515 3449; x_wconf 81' lang='grc' dir='ltr'><strong>τοῦ</strong></span> <span class='ocrx_word' id='word_1_188' title='bbox 534 3394 598 3449; x_wconf 82' lang='lat' dir='ltr'><strong>Vat.</strong></span> <span class='ocrx_word' id='word_1_189' title='bbox 672 3397 823 3468; x_wconf 77' lang='grc' dir='ltr'><strong>μετατεθῇ]</strong></span> <span class='ocrx_word' id='word_1_190' title='bbox 843 3399 985 3467; x_wconf 53' lang='lat' dir='ltr'><strong>coruvelli]</strong></span> <span class='ocrx_word' id='word_1_191' title='bbox 1003 3395 1069 3449; x_wconf 89' lang='lat' dir='ltr'><strong>Vm.</strong></span> <span class='ocrx_word' id='word_1_192' title='bbox 1177 3456 1181 3463; x_wconf 25' lang='lat'><strong>⁴</strong></span> 
     </span>
    </p>
   </div>
   <div class='ocr_carea' id='block_1_6' title="bbox 91 3481 378 3570">
    <p class='ocr_par' dir='ltr' id='par_1_8' title="bbox 91 3481 378 3570">
     <span class='ocr_line' id='line_1_32' title="bbox 91 3481 378 3570; baseline -0.007 -11"><span class='ocrx_word' id='word_1_193' title='bbox 91 3510 138 3559; x_wconf 80' lang='lat'><strong>23.</strong></span> <span class='ocrx_word' id='word_1_194' title='bbox 157 3481 333 3570; x_wconf 52' lang='grc' dir='ltr'><em>προσπιπτὲῗ</em></span> <span class='ocrx_word' id='word_1_195' title='bbox 352 3520 378 3557; x_wconf 77' lang='lat' dir='ltr'><strong>V.</strong></span> 
     </span>
    </p>
   </div>
   <div class='ocr_carea' id='block_1_7' title="bbox 0 0 1216 3944">
    <p class='ocr_par' dir='ltr' id='par_1_9' title="bbox 0 0 1216 3944">
     <span class='ocr_line' id='line_1_33' title="bbox 0 0 1216 3944; baseline 0 0"><span class='ocrx_word' id='word_1_196' title='bbox 0 0 1216 3944; x_wconf 95' lang='lat' dir='ltr'><strong> </strong></span> 
     </span>
    </p>
   </div>
  </div>
 </body>
</html>
