2424 3944
135 169 179 235 26
475 169 645 222 ωουειοιε
664 168 800 221 om„

136 315 290 382 ἑλοίσσονι
312 319 421 401 μεῖζον
440 315 476 379 τὸ
495 313 785 398 ὐπερφαινόμενον
803 314 968 396 φαίνεται,
992 309 1151 385 ἀπιόντος

136 420 172 488 δὲ
196 426 320 508 μείζονι
343 419 492 505 [μεῖζον]

616 577 667 658 ιζ’.

200 706 282 773 Ὅσα
308 706 461 789 ἀλλήλων
488 702 655 790 ὑπερέχει,
688 701 738 768 ἐπ’
764 703 898 779 εὐθείας
925 711 970 790 τῷ
1000 700 1153 766 ἐλάττονι

101 812 270 899 σμεγέθει
298 822 359 877 τοῦ
387 815 530 897 ὄμματος
557 813 756 897 προσιόντος
778 834 813 876 τε
838 807 894 875 καὶ
923 805 1151 894 ἀφισταμένου

136 930 181 1009 τῷ
210 926 270 1008 ίσμ
304 918 353 985 ἀεὶ
382 919 469 997 δόξει
501 919 538 984 τὸ
565 917 855 1003 ὐπερφαινόμενον
887 925 947 981 τοῦ
976 914 1153 990 ἐλάττονος

136 1025 317 1114 ὑπερέχειν.

205 1138 287 1200 ἔστω
312 1134 373 1199 ὃύο
397 1135 497 1199 ἀνισα
518 1130 643 1218 μεγέθη
667 1132 707 1196 τὰ
726 1134 803 1213 ΑΒ,
823 1133 895 1212 ΓΔ,
919 1124 966 1194 ὧν
985 1130 1097 1213 μεῖζον
1115 1128 1154 1191 τὸ

137 1246 213 1326 ΑΒ,
237 1243 325 1326 όμμα
347 1235 385 1304 ὐὲ
408 1243 490 1305 ἔστω
513 1239 550 1304 τὸ
571 1243 598 1302 Ζ
622 1235 672 1302 ἐπ’
693 1236 828 1312 εὐθείας
851 1238 1002 1320 κείμενον
1025 1243 1072 1322 τῷ
1096 1232 1155 1298 πέ-

86 1366 119 1415 10
138 1372 212 1434 ρατι
226 1356 287 1412 τοῦ
298 1350 359 1412 ΓΔ
373 1345 591 1433 μεγέθουςτῷ
603 1349 639 1410 Γ.
683 1378 720 1438 Α

137 1453 238 1539 λέγω,
270 1455 320 1520 ότι
347 1463 408 1518 τοῦ
437 1458 464 1517 Ζ
497 1454 665 1537 όμματοςΙ

137 1564 335 1648 προσιόντος
347 1559 403 1626 καὶ
413 1559 640 1645 ἀφισταμένου
885 1626 923 1686 Γ

138 1667 189 1734 ἐπ’
214 1669 348 1746 εὐθείας
375 1671 471 1745 ὄντος
501 1678 547 1758 τῷ
580 1675 640 1758 ίσῳ
697 1455 1118 1960 ΗΔ

138 1773 226 1854 δόξει
240 1776 508 1861 ὑπερφαίνεσθαι
524 1778 561 1843 τὸ
576 1781 641 1841 AB

86 1898 119 1948 15
138 1892 198 1947 τού
219 1886 288 1947 ΓΛ.
324 1881 554 1968 προσπιπτέτω
578 1885 641 1970 γὰρ
701 1934 734 1998 B
906 1951 940 2002 Δ

138 1987 231 2064 ἀκτὶς
250 1989 306 2053 διὰ
326 1997 386 2052 τοῦ
406 1992 439 2053 Γ
455 1989 475 2073 ἡ
496 1995 567 2056 ΖΕ.
603 1992 642 2056 τὸ

139 2099 204 2158 ΑΒ
224 2097 288 2180 ἀρα
306 2104 366 2160 τοῦ
382 2099 443 2160 ΓΔ
460 2096 700 2184 ὑπερφαίνεται
718 2108 764 2188 τῷ
779 2105 811 2164 Α
816 2104 854 2163 Ε.
884 2102 1157 2183 μετακεκινησθω

140 2201 181 2284 δὴ
204 2202 241 2265 τὸ
265 2203 352 2286 όμμα
374 2200 430 2267 καὶ
453 2206 535 2269 ἔστω
560 2204 717 2293 ἀπωτέρω
744 2204 802 2271 καὶ
829 2208 911 2271 ἔστω
940 2203 991 2271 ἐπ’
1018 2205 1157 2282 εὐθείας

138 2307 176 2370 τὸ
192 2311 236 2371 Η.
273 2306 293 2390 ἡ
317 2310 382 2393 ἀρα
404 2309 468 2374 ἀπὸ
491 2319 551 2375 τοῦ
570 2316 610 2376 Η
628 2314 773 2397 όμματος
792 2309 883 2388 ἀκτὶς
899 2315 1158 2397 προσπίπτουσα

86 2429 121 2478 20
140 2412 305 2479 ἐλεύσεται
325 2415 381 2479 διὰ
395 2425 455 2480 τοῦ
470 2419 502 2481 Γ
516 2422 653 2502 σημείου
671 2417 727 2484 καὶ
745 2420 1046 2504 προσενεχθήσεται
1059 2417 1158 2504 μέχρι

139 2529 199 2584 τοῦ
221 2525 254 2585 Ε
279 2526 432 2607 σημείου,
463 2522 519 2589 καὶ
546 2535 592 2613 τῷ
621 2525 711 2614 αὐτῷ
735 2525 1003 2610 ὐπερφανήσεται
1025 2526 1063 2590 τὸ
1087 2530 1157 2590 ΑΒ

139 2635 199 2692 τοῦ
223 2631 291 2692 ΓΔ.

619 2753 674 2838 ιη’.

212 2877 260 2942 Τὸ
285 2874 389 2943 δοθὲν
411 2877 498 2957 ὕψος
516 2891 652 2962 γνῶναι,
675 2882 816 2961 πηλίκον
836 2877 935 2962 ἐστίν,
959 2877 1057 2961 ἡλίου
1077 2883 1159 2963 φαί-

87 2999 121 3047 25
139 3007 267 3060 νοντος.

206 3095 288 3157 ἔστω
307 3094 345 3158 τὸ
364 3090 468 3158 δοθὲν
485 3093 572 3170 ὐψος
589 3093 626 3157 τὸ
645 3095 722 3173 ΑΒ,
745 3087 800 3154 καὶ
820 3088 897 3155 ὐέον
916 3090 997 3156 αὐτὸ
1017 3103 1159 3176 γνῶναι,

140 3200 280 3282 πηλίκον
304 3199 402 3265 ἐστίν.
448 3203 529 3264 ἔστω
553 3196 613 3283 μὲν
637 3199 724 3282 όμμα
747 3197 784 3262 τὸ
807 3203 854 3280 Δ,
881 3196 978 3279 ἡλίου
1002 3193 1040 3262 δὲ
1064 3197 1161 3278 ἀκτίς

213 3470 237 3519 2.
257 3464 361 3536 μεῖζον]
382 3481 435 3519 om.
454 3463 599 3530 Vat.¹mv‚
618 3480 653 3516 m.
670 3461 765 3516 Πολ.
822 3459 894 3516 Dein
914 3461 978 3516 add.
998 3460 1110 3531 ωὲξῆς
1124 3464 1160 3532 V,

140 3554 176 3589 m.
197 3541 213 3587 2
232 3535 296 3590 vat.
361 3541 385 3589 3.
406 3536 454 3606 ιζ’]
474 3535 515 3604 ιη’
536 3533 616 3588 codd.
682 3539 705 3587 6.
725 3538 762 3605 τῷ
782 3531 831 3606 ἴσῳ
850 3529 911 3605 ἀεί]
930 3531 961 3585 in
979 3550 1033 3587 ras.
1049 3539 1160 3590 mlv.
