2424 3944
117 164 184 230 216
327 165 540 219 OPTICORL'M
556 163 736 216 REOENSIO
753 162 921 217 mom.

591 342 655 426 λη’.

183 466 260 533 Ἐὰν
282 467 423 552 μέγεθός
439 492 471 532 τι
494 470 578 554 πρὸς
599 468 706 553 ὀρθὰς
728 462 750 554 ᾖ
771 476 818 556 τῷ
838 462 1047 554 ὑποκειμένῳ
1066 464 1130 530 ε’πι-

119 574 207 663 πέδῳ
230 575 411 661 μετέωρον,
439 582 522 662 τεθῇ
545 572 582 640 δὲ
605 577 642 640 τὸ
666 577 755 660 ὄμμα
781 574 839 639 έπί
857 596 890 638 τι
913 584 1052 657 σημεῖον
1074 580 1132 637 τοῦ

120 681 287 765 ἐπιπέδου,
304 680 360 746 καὶ
378 689 574 767 μεθιστῆται
592 683 629 746 τὸ
644 681 814 766 δρώμενον
832 678 885 745 ἐπὶ
902 681 1030 744 κύκλου
1043 701 1127 764 περι-

85 792 264 875 ιφερείας,
288 794 362 853 ίσον
384 788 434 854 ἀεὶ
457 791 494 854 τὸ
519 789 688 874 δρώμενον
710 787 905 871 ὀφθήσεται.

187 898 268 959 ἔστω
301 895 470 981 ὁρώμενόν
497 919 529 960 τι
560 894 701 980 μέγεθος
728 895 765 959 τὸ
793 898 860 959 AB
890 895 1128 979 μετεωρότερον

121 1010 181 1065 τοῦ
205 1000 375 1086 ἐπιπέδου,
403 1006 491 1087 ὄμμα
518 998 555 1066 δὲ
582 1006 664 1068 ε’στω
693 1003 730 1066 τὸ
755 1004 797 1084 Γ,
824 999 880 1065 καὶ
903 995 1125 1083 ἐπεζεύχθωή

121 1110 198 1189 ΓΒ,
221 1104 277 1171 καὶ
298 1106 423 1194 κέντρῳ
446 1117 492 1193 τῷ
516 1110 558 1191 Γ,
581 1108 776 1192 διαστήματι
799 1103 836 1171 δέ
857 1115 904 1194 τῷ
928 1108 991 1170 ΓΒ
1014 1106 1126 1178 κίκλος

121 1213 302 1297 γεγράφθω
326 1213 344 1278 δ
367 1218 439 1278 ΒΛ.
481 1212 579 1298 λέγω,
603 1215 664 1297 ὅτι,
687 1213 745 1278 ε’διυ
768 1211 822 1278 ἐπὶ
844 1222 902 1296 τῆς
923 1220 985 1276 τοῦ
1007 1213 1126 1276 κύκλον

70 1333 104 1380 10
122 1323 334 1405 περιφερείας
360 1327 554 1405 μεθιστήται
581 1321 618 1384 τὸ
641 1327 675 1384 Α
681 1324 724 1403 Β,
751 1318 815 1384 ἀπὸ
843 1327 903 1383 τοῦ
932 1321 965 1382 Γ
988 1320 1126 1403 ὄμματος

123 1432 197 1491 ἴσον
221 1425 271 1491 ἀεὶ
294 1427 488 1510 ὀφθήσεται.
534 1424 603 1491 ἐπεὶ
626 1427 689 1511 γὰρ
714 1425 734 1509 ή
758 1430 825 1491 AB
852 1423 943 1489 ἐστιν
966 1424 1056 1509 ὀρθή
1078 1419 1125 1486 καὶ

122 1545 213 1597 ποιεῖ
231 1535 315 1618 πρὸς
337 1535 398 1617 τήν
421 1536 489 1598 ΒΓ
507 1533 616 1618 ὀρθήν
638 1535 775 1615 γωνίαν,
797 1540 899 1596 πᾶσαι
921 1532 988 1615 ἄρα
1011 1531 1051 1594 αί
1069 1528 1124 1593 ἀπὸ

121 1649 181 1704 τοῦ
195 1638 334 1725 κέντρου
349 1647 409 1702 τοῦ
425 1641 457 1702 Γ
472 1638 555 1722 πρὸς
572 1638 609 1702 τὸ
624 1641 691 1702 ΑΒ
709 1637 850 1721 μέγεθος
867 1638 1124 1721 προσπίπτουσα

122 1746 279 1828 ἀλλήλαις
298 1751 371 1820 ίσας
389 1747 513 1827 γωνίας
530 1753 694 1809 ποιοῦσιν.
732 1749 806 1808 ίσον
824 1745 888 1827 ἄρα
906 1743 943 1806 τὸ
963 1741 1125 1828 δρώμενον

70 1866 103 1913 15
122 1853 318 1937 ὀφθήσεται.
355 1851 477 1934 ὁμοίως
500 1846 536 1915 δὲ
559 1849 622 1914 κᾶν
645 1849 708 1914 ἀπὸ
732 1858 792 1915 τοῦ
808 1852 840 1913 Γ
856 1847 997 1934 κέντρου
1016 1847 1124 1934 μετέω

122 1982 180 2044 ρος
211 1958 300 2042 ἀχθῇ
328 1957 458 2040 εὐθεῖα,
490 1955 545 2021 καὶ
573 1954 624 2021 ἐπ’
650 1956 752 2039 αὐτῆς
782 1956 820 2021 τὸ
850 1957 938 2039 ὄμμα
965 1961 1050 2041 τεθή
1081 1949 1124 2018 ἐπὶ

122 2065 335 2148 παραλλήλου
359 2063 399 2128 δν
422 2073 468 2150 τῷ
492 2061 647 2151 δρωμένῳ
671 2061 819 2148 μεγέθει,
844 2059 900 2126 καὶ
922 2070 1124 2146 μετακιυήται

122 2171 160 2233 τὸ
183 2168 339 2253 μέγεθος,
364 2175 437 2234 ίσον
460 2168 510 2234 ἀεὶ
533 2171 570 2234 τὸ
594 2169 765 2255 δρώμενον
787 2170 950 2253 φαίνεται.

594 2362 662 2429 λθ’.

70 2484 105 2533 ιο
188 2467 264 2535 Ἐὰν
287 2466 323 2534 δὲ
345 2471 383 2535 τὸ
403 2469 572 2556 ὁρώμενον
594 2472 678 2557 πρὸς
695 2471 802 2555 ὀρθὰς
824 2464 909 2557 ήτῳ
928 2465 1124 2554 ὑποκειμένῳ

126 2574 282 2664 ἐπιπέδῳ,
319 2583 513 2661 μεθιστήται
546 2574 583 2642 δὲ
614 2577 652 2642 ιδ
684 2579 771 2662 ὄμμα
803 2574 857 2642 ἐπὶ
887 2575 1014 2641 κύκλου
1044 2596 1124 2659 περι-

125 2687 272 2769 φερείας,
296 2689 370 2749 ίσον
393 2682 443 2748 ἀεὶ
466 2685 503 2749 τὸ
527 2683 697 2770 δρώμενον
720 2686 911 2769 φανήσεται.

191 2791 273 2854 ἔστω
297 2790 467 2876 δρώμενον
490 2787 550 2875 μὲν
572 2791 610 2855 τὸ
633 2794 700 2855 ΑΒ
725 2789 890 2875 μετέωρον
912 2788 952 2854 ὄν
974 2785 1124 2872 καὶπρὸς

127 3016 298 3139 dimigln']
318 3037 337 3085 μ
359 3016 438 3086 ',Vv
458 3017 547 3087 py'p.
620 3017 707 3108 md]
726 3022 807 3090 τῷν.
876 3024 979 3070 τοῦ-
999 3010 1122 3135 mapa-J

197 3088 308 3142 δοιοε.
429 3094 454 3142 4.
473 3089 542 3142 Post
560 3018 740 3178 περιφερειας
746 3072 823 3143 add.
842 3084 960 3155 κέντρου
979 3085 1110 3158 ἔχοντοςι

127 3085 245 3229 ὄμμαμ.
302 3165 325 3213 6
320 3160 594 3284 μετεορώτερον,
560 3161 594 3228 V,
614 3157 801 3229 μετέωρονμς
821 3159 1066 3228 μετεωρώτερον,
1041 3176 1059 3211 v
1083 3151 1123 3208 sed

127 3245 194 3283 corr.
275 3235 298 3286 8.
318 3251 335 3284 κ
351 3231 433 3303 ντρῳ]
454 3247 542 3299 comp.
561 3232 617 3285 Vv.
696 3237 737 3285 10
758 3202 949 3301 περιφερείας]
970 3246 1058 3298 comp.
1059 3200 1122 3280 Vv

163 3305 203 3354 12
223 3299 286 3372 τήν]
307 3318 359 3355 om.
379 3320 404 3355 v.
460 3307 502 3356 13.
521 3299 677 3373 κέντρου]
669 3320 700 3355 1n
717 3319 771 3356 rae.
790 3320 826 3356 m.
841 3317 895 3355 rec.
910 3300 944 3354 V
1002 3305 1043 3354 16.
1061 3296 1123 3351 Ante

126 3370 203 3442 ἀχθῇ
221 3389 275 3426 ras.
290 3377 305 3425 2
325 3371 380 3427 litt
395 3373 428 3426 V.
485 3371 545 3444 ἐπί]
566 3390 650 3443 supra
669 3390 719 3426 scr.
739 3391 775 3427 m.
796 3378 857 3441 1p
920 3377 961 3426 17.
982 3367 1122 3441 μεγέθηι,

127 3442 176 3494 sed
195 3459 263 3496 corr
350 3452 546 3514 μετακεινηται
563 3444 597 3514 V,
622 3445 671 3499 sed
691 3451 989 3531 οοιικ,μετακινεῖται
1007 3460 1037 3511 v,
1060 3443 1124 3507 etp

127 3512 176 3565 sed
195 3529 264 3567 corr
352 3519 392 3568 19.
416 3515 479 3586 λθ]
499 3536 535 3585 μγ
540 3489 619 3585 'V’v,
638 3515 687 3584 μδ’
702 3534 730 3585 p
816 3520 858 3569 21
883 3510 1018 3587 ἐπιπέδῳ]
1037 3525 1124 3566 οιιιῖ
