2424 3944
430 141 601 192 EUOLIDIS
620 140 758 195 OPTIOA.
1055 139 1098 204 97

87 284 227 370 angulus
257 284 313 368 qui
341 284 401 348 sub
429 285 495 350 orb
526 285 645 370 angulo
675 286 749 369 cto,
781 285 837 349 sed
865 286 926 350 alb
959 285 1098 371 angulus

87 392 210 477 angulo
234 392 302 456 odo
329 390 447 475 maior,
474 395 507 455 et
531 391 669 478 angulus
693 392 757 456 aab
785 413 862 478 ergo
887 393 1006 478 angulo
1030 394 1098 457 ado

86 498 194 562 maior
217 502 274 563 est.
318 502 351 562 et
375 499 433 562 sub
459 499 578 584 angulo
602 499 666 564 aab
690 498 880 585 magnitudo
903 500 946 564 ub
969 499 1098 564 uidetur

87 605 183 670 oculo
203 626 335 690 supera
358 606 525 687 existente,
548 605 698 670 similiter
717 611 826 671 autem
846 611 879 670 et
898 607 958 670 sub
978 607 1097 692 angulo

86 712 156 776 udb
180 734 277 795 super
299 714 322 777 d
343 712 510 777 existente.
550 712 718 796 inaequale
743 735 831 799 ergo,
855 714 941 796 quod
958 714 1097 800 uidetur,
1134 722 1150 772 5

86 823 223 903 apparet
247 820 307 883 sub
330 818 460 903 punctis
484 820 518 905 d,
535 839 562 884 a.

154 929 187 988 et
215 925 243 990 si
274 929 415 1010 ponatur
443 926 587 1009 aequalis
618 926 647 990 ei
681 947 762 1010 quae
790 931 839 991 est
867 928 909 993 da
941 950 979 992 ea
1015 950 1097 1011 quae

85 1035 137 1095 est
152 1052 204 1117 92,
227 1033 333 1096 minor
351 1032 464 1116 utique
484 1033 526 1097 ab
551 1032 611 1096 sub
627 1054 648 1115 9
667 1038 801 1117 apparet
820 1056 917 1118 quam
935 1036 977 1100 ob
997 1035 1057 1098 sub
1070 1055 1097 1116 a,

85 1160 105 1201 a
127 1138 258 1223 punctis
277 1160 356 1203 uero
376 1161 405 1223 p,
425 1141 447 1205 d
468 1139 619 1222 aequalis.

154 1313 238 1379 Sunt
269 1315 347 1401 loci,
378 1316 413 1380 in
446 1317 561 1401 quibus
596 1317 688 1382 oculo
718 1317 918 1402 transposito
947 1317 1095 1401 aequales
1116 1337 1150 1386 10

84 1422 326 1506 magnitudines
346 1427 378 1487 et
397 1423 611 1488 communiter
626 1428 820 1507 occupantes
835 1423 924 1489 locos
940 1425 1096 1506 quosdam

84 1527 281 1611 aliquotiens
315 1529 444 1614 quidem
481 1531 644 1614 aequales,
681 1530 876 1614 aliquotiens
908 1529 1094 1613 inaequales

84 1639 251 1718 apparent.

153 1746 223 1806 esto
256 1743 368 1807 oculus
401 1743 531 1828 quidem
558 1745 592 1828 d,
623 1742 863 1828 magnitudines
896 1744 954 1829 ol),
976 1745 1031 1829 by,
1063 1748 1095 1808 et

81 1849 295 1932 protrahatur
313 1872 332 1912 a
349 1855 470 1935 puncto
489 1851 507 1914 b
530 1849 803 1935 perpendicularis
823 1851 865 1915 da
888 1855 920 1913 et
942 1849 1095 1915 iniciatur
1114 1869 1149 1917 15

83 1977 182 2038 super
199 1976 224 2021 a.
262 1956 470 2021 manifestum
490 1961 608 2041 autem,
627 1956 781 2040 quoniam
795 1957 969 2021 secundum
985 1979 1094 2040 quarn·

83 2083 210 2146 cunque
238 2062 307 2126 eius
340 2064 427 2146 quod
455 2067 504 2127 est
527 2064 570 2128 dc
597 2068 724 2148 partem
748 2063 775 2128 si
802 2067 943 2149 ponatur
972 2064 1094 2150 oculuS,

81 2167 135 2251 ab,
150 2168 191 2251 by
210 2170 412 2254 apparebunt
427 2170 583 2253 aequalia.
602 2175 842 2254 ,transponatur
857 2175 965 2235 autem
980 2171 1093 2236 oculus

81 2278 116 2338 et
140 2275 183 2338 sit
205 2297 229 2340 e.
280 2277 366 2361 dico,
397 2276 550 2359 quoniam
574 2278 631 2361 ob,
654 2278 695 2359 by
721 2276 905 2361 inaequalia
927 2282 1092 2361 apparent.

80 2381 230 2446 accidant
252 2383 334 2447 radii
357 2405 408 2468 co,
426 2384 472 2468 cb,
490 2404 538 2469 cp,
561 2388 593 2448 et
617 2383 818 2448 describatur
841 2382 927 2448 circa
949 2404 1013 2465 uoq
1036 2384 1092 2448 tri·
1111 2403 1146 2452 2ο

81 2509 205 2573 gonum
233 2491 322 2572 ucdp
354 2489 507 2573 circulus,
540 2494 573 2554 et
605 2489 764 2554 adiciatur
796 2489 825 2553 ei
863 2511 944 2572 quae
976 2494 1026 2552 est
1054 2491 1091 2554 cb

79 2598 172 2658 recta
190 2594 232 2658 bt.
271 2595 424 2678 quoniam
443 2618 520 2682 ergo
541 2595 684 2680 aequalis
704 2597 751 2660 od
771 2594 923 2680 periferia
938 2596 986 2677 qd
1006 2596 1092 2680 peri-

78 2699 191 2786 feriae,
213 2701 317 2766 maior
340 2724 417 2767 uero
442 2704 480 2766 ui
502 2702 655 2787 periferia
683 2724 779 2785 quarn
803 2703 853 2786 ip,
880 2700 984 2765 maior
1012 2723 1090 2787 ergo

152 2896 177 2946 8.
196 2895 326 2965 ab(pr.)]
345 2895 404 2960 aab
423 2893 460 2948 D.
531 2900 572 2949 12,
592 2893 708 2961 quidam
727 2895 764 2949 D.
830 2897 870 2947 18.
890 2897 944 2967 ab]
963 2897 1028 2965 aab
1051 2894 1089 2950 D.

114 2963 259 3036 aequalia]
278 2982 329 3036 my.
349 2982 383 3020 m.
403 2972 418 3019 1
439 2966 476 3019 D.

75 3162 113 3197 m.
135 3148 151 3195 2
170 3144 234 3199 Vat.
309 3149 350 3199 14.
371 3146 407 3216 Θ]
427 3144 457 3197 in
475 3163 529 3200 ras.
548 3164 584 3200 m.
605 3151 620 3198 2
639 3146 672 3214 V,
695 3152 761 3216 Av,
781 3148 810 3200 et
827 3146 901 3214 Vat,
920 3162 988 3199 corr.
1008 3164 1044 3199 m.
1064 3152 1088 3200 2.

112 3212 311 3286 τά]τόοοά(1.
376 3217 641 3289 AB,BP]inras.
657 3217 690 3273 V.
758 3223 798 3271 15.
819 3218 1039 3288 BZ]Bccorr.
1054 3218 1088 3288 V,

75 3290 133 3340 ΔΖ
151 3303 177 3355 r,
197 3289 226 3340 et
243 3288 317 3356 Vat,
337 3289 530 3343 seductum.
550 3295 573 3344 2.
634 3295 675 3342 16.
696 3288 741 3342 ἐπὶ
758 3288 802 3359 τό]
822 3305 889 3342 corr.
911 3305 945 3342 ex
963 3288 1020 3343 ἀπὸ
1039 3298 1088 3343 τοῦ

75 3375 112 3412 m.
134 3362 149 3410 2
169 3357 202 3412 V.
276 3361 312 3431 Δ]
335 3363 400 3429 Zv,
420 3363 449 3413 et
467 3360 540 3429 Vat,
560 3377 627 3414 corr.
648 3379 683 3414 m.
703 3365 727 3414 2,
808 3364 849 3413 18.
870 3359 917 3431 dv]
938 3358 988 3414 ἐάν
1007 3360 1087 3415 codd.

113 3433 155 3484 19.
177 3431 247 3501 ΒΓ]
267 3447 282 3484 c
301 3448 368 3486 corr.
388 3449 424 3486 m.
444 3437 459 3484 2
479 3431 553 3500 vau,
574 3435 623 3485 ΓΔ
641 3432 729 3486 VmV.
803 3437 844 3485 26.
865 3433 939 3504 ΔΓ]
961 3436 1009 3487 ΓΔ
1027 3450 1087 3487 vm.

112 3505 155 3555 ar.
175 3503 278 3573 ΑΔΗ]
297 3508 350 3558 ΑΛ
367 3521 403 3557 m.

130 3601 281 3654 Euclides,
297 3603 348 3643 odd.
358 3603 462 3653 Hoiborg
476 3605 498 3644 et
508 3604 597 3654 Menae.
624 3603 674 3644 VII.
912 3600 926 3648 7
