2424 3944
431 125 601 178 nnemnrs
620 127 757 182 orrici.
1033 127 1093 192 121

88 280 124 340 et
155 274 292 362 angulus
325 295 387 340 ore
419 275 539 360 angulo
571 276 631 342 bae
662 277 805 361 aequalis
838 280 900 342 est.
956 273 1099 358 aequalis

88 382 332 467 apparebitap
360 381 390 446 ei
423 403 503 466 quae
536 370 597 447 est'
613 384 664 448 bd.
720 406 849 449 rursum
879 381 1033 467 quoniam
1056 401 1101 463 pa

90 489 222 573 quidem
246 488 275 552 ei
299 510 380 573 quae
404 493 454 553 est
472 489 512 554 ab
531 490 685 575 aequalis,
707 494 740 555 et
757 511 800 556 aa
823 490 853 555 ei
877 512 958 575 quae
981 493 1032 554 est
1049 489 1109 573 ads

90 596 147 660 sed
167 595 267 660 etiam
285 595 330 659 ot
350 594 379 659 ei
403 617 485 680 quae
505 602 555 661 est
570 598 627 682 qd,
649 601 715 662 tres
736 617 812 682 ergo
832 597 937 662 tribus
952 597 1101 680 aequales

89 706 178 786 sunt,
202 705 235 767 et
256 702 395 788 angulus
415 703 543 788 angulo,
580 704 713 787 aequale
732 725 810 790 ergo
829 703 998 788 apparebit
1014 703 1101 767 latus
1138 713 1154 761 5

89 808 196 889 lateri,
219 813 257 873 ut
280 813 312 873 et
336 808 461 892 reliqua
483 809 589 874 latera
612 809 759 894 aequalia
782 808 994 895 apparebunt.

162 985 198 1051 Si
224 1008 302 1050 uero
331 1009 427 1070 super
455 990 642 1051 contactum
670 986 901 1052 diametrorum
929 987 1103 1073 coniugata
1186 996 1189 1001 '

91 1094 221 1159 eleuata
248 1096 338 1158 reeta
364 1115 424 1158 neo
451 1093 727 1178 perpendicularis
756 1094 892 1179 ebipedo
923 1094 1102 1179 spatiorum

89 1201 129 1266 in
165 1204 319 1265 contactu
356 1200 586 1265 diametrorum
622 1222 683 1265 nee
720 1201 760 1265 ad
796 1207 902 1266 rectos
940 1223 1009 1266 esse
1044 1223 1103 1265 neo

91 1307 238 1392 aequalis
257 1308 385 1391 utrique
403 1331 423 1372 a
437 1310 591 1373 contactu
610 1308 650 1372 ad
665 1309 801 1394 angulos
816 1308 981 1392 tetragoni
995 1307 1104 1372 dueta
1123 1317 1168 1366 10·

90 1437 167 1479 rum
189 1436 249 1479 nee
272 1416 409 1500 angulos
432 1414 554 1479 faciens
577 1414 727 1497 aequales
751 1436 825 1478 oum
843 1414 933 1499 ipsis,
955 1413 1104 1478 diametri

90 1521 281 1605 inaequales
310 1520 520 1606 apparebunt.
572 1520 722 1585 similiter
754 1519 841 1584 enim
873 1519 1107 1584 demonstrabi-

91 1651 168 1693 mus
193 1627 425 1713 contingentia,
448 1628 718 1711 quemadmodum
740 1628 775 1691 in
798 1625 1016 1692 circularibus.
