2424 3944
443 171 613 223 EUOLIDIS
632 170 771 224 0PT10A.
1070 168 1111 230 11

100 313 256 398 quoniam
278 315 382 380 maior
404 315 458 381 ael
480 315 617 400 angulus
642 336 739 398 quam
762 314 816 379 us
839 313 986 398 angulus
1008 313 1112 378 maior

99 441 179 506 ergo
205 420 240 486 al
271 443 369 504 quam
398 421 433 485 tls
465 424 607 505 apparet.
660 420 764 484 maius
793 440 871 505 ergo
895 420 940 484 bd
969 419 1112 504 spatium

99 548 198 610 quam
216 526 250 592 al
273 530 306 591 et
326 526 431 591 maius
450 526 484 592 al
502 549 599 610 quam
618 525 660 591 tle.
692 526 843 590 neniam
862 547 939 611 ergo
958 524 1113 589 uidebun

97 636 154 696 tur
165 631 323 718 parallela
337 632 509 697 existentia
524 632 629 717 spatia
643 631 831 717 aequaliter,
847 632 903 695 sed
916 632 1113 697 uidebuntur

98 737 280 822 inaequalis
302 739 494 803 latitudinis.
1148 750 1188 800 ο

166 862 202 926 in
220 862 348 927 eleuato
366 863 547 929 iacentibus
562 863 677 948 spatiis
691 863 881 928 demittatur
896 863 936 927 ab
951 885 973 928 a
989 867 1112 948 puncto

98 991 197 1053 super
215 969 386 1034 subiacens
403 970 538 1055 planum
557 974 682 1035 eatetus
697 970 748 1034 ab.
782 974 921 1052 suntque
937 960 1112 1053 parallelae

96 1074 146 1159 la,
167 1075 223 1159 hu,
247 1082 302 1140 tm.
335 1077 417 1161 dieu,
440 1077 594 1160 quoniam
613 1083 646 1141 et
665 1076 712 1141 sie
729 1076 909 1161 inaequalis
928 1076 1111 1141 latitudinis

96 1186 256 1265 apparent
272 1182 310 1265 qt
328 1188 361 1247 et
378 1205 421 1248 ae
444 1183 693 1269 magnitudines.
732 1183 882 1247 trahatur
901 1183 987 1247 enim
1005 1183 1112 1248 catha

96 1292 152 1352 tus
176 1311 196 1352 a
217 1293 339 1372 puncto
363 1290 380 1353 b
408 1311 505 1374 super
528 1290 565 1354 le
587 1291 636 1375 br,
663 1293 696 1354 et
719 1290 875 1355 educatur
898 1290 939 1354 br
966 1312 1062 1373 super
1084 1304 1164 1375 0,10

97 1398 132 1458 et
151 1394 299 1459 accidant
317 1395 399 1460 radii
417 1395 463 1480 at,
485 1396 539 1480 uk,
561 1401 607 1481 ut,
625 1416 680 1479 ux,
699 1417 755 1480 uu,
773 1416 839 1460 um.
872 1394 1111 1480 coniungantur

94 1523 149 1585 ur,
173 1523 228 1586 ap,
251 1523 302 1566 ae.
339 1502 493 1588 quoniam
516 1524 594 1588 ergo
618 1502 659 1565 ab
684 1502 809 1566 eleuato
830 1506 991 1584 punctos
1015 1524 1111 1587 super

93 1608 134 1672 la
157 1606 330 1673 coniuncta
353 1613 403 1673 est
420 1613 510 1673 reeta
527 1629 579 1692 ur,
600 1607 703 1693 igitur
721 1628 764 1671 ur
787 1629 883 1690 super
901 1607 939 1672 la
962 1608 1110 1672 cathetus

97 1720 131 1779 et
155 1735 199 1778 uo
221 1737 318 1799 super
341 1721 388 1780 tm
412 1718 444 1780 et
468 1737 513 1797 up
537 1736 633 1798 super
649 1735 711 1796 pu.
749 1713 913 1799 ortogonii
936 1735 1013 1798 ergo
1033 1719 1110 1778 sunt

93 1844 167 1887 arce
189 1825 223 1886 et
241 1844 315 1904 upa
337 1826 370 1885 et
388 1843 467 1887 aem
485 1820 630 1906 trigonii.
668 1819 822 1904 quoniam
840 1820 1005 1905 ortogonii
1025 1825 1110 1906 sunt,
1129 1836 1162 1883 15

94 1933 130 1993 et
154 1933 204 1993 est
228 1928 358 2014 quidem
374 1950 429 2011 pa
451 1929 481 1993 ei
505 1949 586 2012 quae
607 1932 657 1991 est
679 1947 724 1992 rx
746 1926 903 2012 aequalis,
924 1949 977 2010 pa
999 1932 1107 1992 autem

92 2057 194 2119 quam
213 2057 256 2100 ur
278 2035 390 2117 maior,
413 2034 517 2098 maior
540 2055 618 2119 ergo
637 2033 775 2119 angulus
794 2054 864 2097 rue
887 2033 1007 2118 angulo
1020 2055 1109 2115 pau.

93 2142 200 2207 maius
228 2164 306 2227 ergo
334 2141 499 2205 uidebitur
524 2160 569 2205 rx
597 2163 693 2225 quam
713 2162 776 2223 pu.
822 2139 972 2205 similiter
999 2144 1109 2205 autem

91 2253 127 2313 et
156 2249 190 2313 tr
217 2271 315 2332 quam
336 2248 394 2331 ple.
448 2251 556 2311 totum
589 2269 667 2333 ergo
696 2247 733 2311 te
764 2251 837 2310 toto
865 2247 911 2310 ku
943 2246 1108 2310 uidebitur

92 2355 208 2419 maius.
253 2353 433 2439 inaequalis
462 2375 539 2439 ergo
566 2351 751 2418 latitudinis
779 2358 813 2416 et
840 2352 887 2418 sie
909 2353 1107 2417 uidebuntur
1126 2367 1161 2415 20

92 2460 345 2547 magnitudines.

166 2782 207 2831 10.
227 2777 254 2848 ο]
270 2794 323 2846 pro
342 2793 366 2843 o,
384 2783 416 2831 ut
433 2777 552 2842 uidetusr,
570 2792 704 2844 sempera
722 2777 783 2830 hub.
798 2775 836 2830 D.
900 2781 941 2830 13.
962 2775 1006 2846 le]
1021 2791 1107 2843 supra
1148 2841 1149 2844 Ἰ

91 3031 418 3039 ——-—---—-.——
422 3029 1106 3037 -——--.-—.—.—ss——————..-

87 3166 144 3236 τήν
162 3183 198 3220 m.
273 3170 314 3220 18.
333 3166 398 3237 AO]
418 3168 472 3221 ΑΘ
490 3165 543 3219 BV.
618 3170 659 3220 19.
679 3165 817 3234 μετεώρου
836 3165 889 3218 Bv.
946 3162 1106 3230 ἐπέζευκται

89 3271 125 3280 -
146 3242 188 3292 20.
210 3237 278 3308 ΡΞ]
303 3254 356 3291 om.
376 3255 411 3290 m.
503 3242 545 3289 21.
571 3236 627 3290 ἐστι
645 3255 681 3291 m.
773 3237 851 3306 HN]
873 3238 939 3289 NH
953 3253 989 3290 m.
1062 3243 1104 3291 22.

88 3309 269 3378 ὀρθογώνιον
287 3325 323 3362 m
405 3305 452 3378 vet]
471 3305 502 3361 τό
520 3326 556 3361 m.
638 3313 680 3362 23.
701 3306 786 3378 ἐστιν]
807 3306 864 3360 ἐστι
881 3325 907 3362 v.
937 3326 947 3345 ·
985 3314 1027 3363 24.
1047 3307 1105 3377 μεί-

88 3384 145 3446 ζων
164 3380 243 3452 (pr.)]
271 3395 338 3433 corr.
368 3394 403 3431 ex
431 3375 513 3447 μέρος
539 3379 572 3433 V.
663 3383 705 3433 26.
736 3379 840 3450 ΠΑΝ]
870 3388 925 3432 τῶν
955 3382 1048 3433 ΠΑΝ
1071 3381 1104 3434 V.

125 3449 226 3522 μείζων
245 3469 270 3505 v.
353 3455 395 3503 26.
417 3450 478 3520 ΡΛ]
497 3453 552 3503 ΛΡ
570 3449 624 3504 Bv.
708 3451 782 3521 HK]
802 3453 865 3503 KH
880 3469 916 3505 m.
999 3452 1104 3522 μεῖζον]

89 3540 146 3578 om.
165 3524 219 3578 Bv.
288 3521 349 3574 Ηοο
367 3520 430 3575 loeo
449 3537 540 3574 errore
558 3519 631 3574 nihil
650 3537 665 3574 e
683 3520 747 3576 Vat.
768 3521 891 3577 enotaui.
