2424 3944
273 137 482 191 omreonuu
500 137 677 189 anennsm
697 137 863 190 11110111.
1009 133 1074 198 219

554 281 661 345 iacens
675 280 947 365 perpendiculare,
961 279 1074 343 oculus

553 392 660 451 autem
692 387 736 451 sit
762 389 801 469 Γ,
834 390 867 449 et
897 390 1008 450 centro
1035 389 1075 470 Β,

552 494 641 558 radio
661 497 769 558 autem
784 496 851 558 ΒΓ
866 491 1004 557 circulus
1024 492 1075 556 de-

554 601 713 665 scribatur
741 603 810 664 ΓΔ.
865 599 953 683 dico,
990 598 1018 661 si
1047 601 1080 662 Γ

552 729 609 791 per
632 707 791 771 ambitum
812 705 924 770 circuli
946 726 1075 768 mouea-

552 818 614 899 tur,
636 819 702 878 AB
726 835 852 897 semper
870 811 1003 896 aequale
1023 811 1075 874 ad-

551 942 672 1002 parere.
717 924 750 984 et
776 919 838 984 hoe
865 918 1074 982 manifestum

552 1030 615 1113 est;
643 1047 753 1090 omnes
782 1023 868 1090 enim
890 1025 972 1088 radii
999 1048 1018 1089 a
1045 1028 1078 1089 Γ

550 1137 672 1217 puncto
710 1133 749 1195 ad
779 1135 846 1197 AB
888 1131 1072 1195 adcidentes

552 1228 689 1324 angulos
729 1236 877 1321 aequales
919 1236 1074 1323 efficiunt,

59 1341 217 1427 quoniam
241 1347 304 1418 [Β
328 1348 436 1408 rectus
460 1349 517 1409 est.
559 1367 637 1431 ergo
657 1346 743 1428 quod
766 1343 917 1428 comitur,
940 1344 1072 1427 aequale

60 1449 240 1534 adparebit.

541 1558 593 1622 40.

130 1659 188 1723 Sin
206 1662 405 1748 magnitudo,
427 1684 507 1746 quae
527 1662 678 1748 cernitur,
696 1662 736 1725 ad
749 1662 883 1746 planum
902 1661 1071 1726 subiacens

60 1766 336 1852 perpendicularis
364 1791 430 1832 non
458 1773 521 1854 est,
552 1792 610 1854 per
639 1767 751 1833 circuli
780 1772 890 1832 autem
913 1768 1072 1832 ambitum

62 1878 225 1960 mouetur,
248 1897 374 1958 semper
395 1875 576 1958 inaequalis
600 1878 758 1939 cernetur.

131 1981 174 2045 sit
211 1980 350 2046 circulus
387 1988 420 2045 A
432 1985 476 2066 Θ,
517 1985 551 2045 et
586 1981 621 2045 in
657 1981 782 2045 ambitu
819 1981 887 2045 eius
926 1985 1073 2044 sumatur

60 2093 222 2173 punctum
244 2095 290 2174 A,
318 2091 350 2152 et
379 2088 419 2152 ad
442 2087 598 2152 circulum
623 2108 691 2151 non
712 2085 985 2172 perpendicularis
1010 2087 1072 2152 eri-

63 2199 162 2281 gatur
184 2199 273 2259 recta
295 2199 375 2279 AZ,
403 2195 515 2259 oculus
539 2199 649 2259 autem
672 2194 715 2258 sit
738 2198 776 2258 E.
822 2194 907 2278 dice,
935 2199 1014 2279 AZ,
1044 2194 1071 2258 si

58 2323 121 2386 per
143 2301 302 2365 ambitum
326 2300 437 2365 circuli
460 2306 644 2386 moueatur,
670 2301 766 2365 modo
789 2301 946 2365 maiorem
974 2301 1070 2365 modo

62 2409 224 2472 minorem
247 2407 408 2491 adparere.

131 2518 187 2578 aut
213 2513 315 2600 igitur
338 2519 371 2577 A
377 2518 404 2577 Z
431 2513 522 2576 radio
550 2512 654 2577 maior
681 2516 731 2577 est
758 2515 815 2576 aut
843 2511 986 2594 aequalis
1015 2516 1071 2576 aut

60 2621 178 2685 minor.
223 2621 364 2705 primum
389 2619 432 2684 sit
455 2618 571 2704 maior,
602 2623 634 2683 et
656 2641 714 2703 per
736 2622 768 2681 E
795 2622 941 2683 centrum
965 2621 1072 2681 rectae

59 2731 132 2792 ΛΖ
135 2725 308 2831 parallela
327 2726 463 2790 ducatur
482 2728 554 2810 ΕΓ,
578 2729 611 2788 et
630 2723 673 2788 sit
659 2727 811 2788 tnr—
826 2729 902 2809 AZ,
926 2725 1021 2788 duca
1007 2728 1074 2787 ur

61 2855 126 2917 que
150 2855 170 2896 a
190 2837 312 2917 puncto
335 2836 367 2897 Γ
385 2833 426 2897 ad
447 2832 581 2916 planum
605 2831 774 2896 subiacens
797 2829 1071 2916 perpendicularis

63 2941 147 3024 ΓΗ,
175 2961 255 3023 quae
280 2961 354 3004 cum
375 2939 504 3023 plano
495 2961 531 3002 m
553 2942 593 3003 H
616 2942 799 3022 concurrat,
828 2942 860 3002 et
846 2937 979 3002 tducta
945 2941 1077 3002 tEH

60 3046 260 3132 producatur
292 3048 526 3128 concurratque
560 3067 634 3109 cum
667 3044 827 3108 ambitu
817 3067 853 3107 m
881 3049 926 3128 A,
956 3065 1014 3127 per
1042 3048 1074 3107 A

63 3271 96 3328 δέ
114 3273 172 3342 Vp.
236 3272 266 3344 ἡ]
286 3272 340 3326 del
358 3270 514 3341 punctisv.
578 3273 672 3339 μεῖζον
690 3289 716 3339 1,
736 3271 785 3323 sed
804 3287 872 3325 corr.
941 3270 998 3325 ἐστῑ
1014 3271 1072 3340 Vp.

98 3342 1072 3431 ἥ]1(1(1111.211.19.μεῖζο11,11(1001120.ΔΖ]111.11.

99 3421 142 3470 21.
161 3417 206 3488 τῇ]
226 3424 262 3469 m.
282 3422 342 3468 2v
428 3419 470 3469 22.
491 3411 625 3468 ἐπιπέδου
644 3414 678 3483 V,
697 3430 765 3468 corr.
784 3432 820 3468 m.
842 3419 865 3468 1.
951 3419 993 3467 23.
1013 3413 1074 3467 ἐπι-

63 3488 205 3558 ζευχθῆσα
224 3504 250 3557 1,
270 3486 319 3539 sed
338 3502 405 3540 corr
