2424 3944
413 156 585 208 uucnmrs
604 156 740 209 orrici.
1019 153 1082 219 103

69 305 127 365 tur
150 299 236 364 enim
259 300 299 363 ab
323 300 340 364 b
369 321 465 382 super
487 302 510 365 d
534 304 624 364 reeta
646 300 691 364 bd
716 303 748 363 et
776 300 939 364 diuidatur
961 299 996 363 in
1019 299 1082 363 duo

70 406 220 490 aequalia
240 406 279 469 ad
298 410 455 490 punctum
473 426 497 488 e,
521 410 553 469 et
571 406 781 488 protrahatur
799 429 818 469 a
836 409 956 489 puncto
977 427 992 470 e
1014 427 1084 489 per·

68 512 288 599 pendicularis
312 531 349 577 ιν
371 515 479 576 rectae
502 513 553 576 db.
591 513 672 595 dice,
696 511 857 597 quoniam,
881 511 908 576 si
932 535 1028 597 super
1046 533 1085 578 ιν

67 625 213 706 ponatur
237 618 349 682 oculus
356 671 365 703 ,
398 619 454 703 ab,
476 620 523 701 qd
548 619 699 703 aequales
724 620 933 702 apparebunt.
979 619 1084 685 iaceat

72 727 160 790 enim
179 745 330 810 superea
354 724 467 789 oculus
488 730 520 789 et
539 725 582 790 sit
600 746 626 809 ν,
650 730 683 790 et
702 726 849 791 accidant
867 725 950 790 radii
968 746 1019 809 σν,
1033 726 1083 810 rb,
1120 744 1136 794 5

70 854 121 919 ze,
139 834 196 918 ad,
213 853 262 915 ay.
310 831 452 916 aequalis
476 854 554 896 uero
577 837 666 897 reeta
688 833 729 898 ab
751 837 858 896 rectae
876 834 928 897 ad.
966 833 1022 896 sed
1040 833 1084 896 ab

71 938 103 1003 ei
121 961 203 1023 quae
223 943 272 1003 est
288 940 337 1021 qd
352 938 461 1022 posita
479 943 530 1002 est
549 939 700 1022 aequalis.
738 939 818 1002 duae
838 960 914 1023 ergo
934 938 1084 1023 aequales
1154 956 1156 960 ‘

72 1047 132 1132 ab,
153 1047 194 1111 ba
221 1046 346 1110 duabus
367 1046 427 1130 qd,
449 1046 492 1110 da
520 1047 669 1128 aequales
693 1051 782 1128 sunt,
815 1050 848 1110 et
880 1046 1083 1111 continentes

72 1152 211 1238 angulos
239 1152 397 1235 aequales.
453 1152 595 1236 aequalis
620 1174 697 1238 ergo
722 1173 764 1218 aa
792 1152 821 1216 ei
849 1157 1004 1237 quaeest
1028 1172 1084 1237 σν,

72 1263 108 1323 et
140 1259 179 1322 ad
210 1259 306 1323 bases
337 1257 513 1322 iacentium
545 1259 753 1344 angulorum,
786 1259 903 1344 quibus
937 1259 1084 1343 aequalia
1104 1279 1137 1328 10

71 1366 177 1429 latera
195 1365 349 1429 subtensa
368 1370 443 1429 sunt
461 1368 534 1429 tota
551 1367 664 1451 figura.
698 1365 840 1448 aequalis
860 1369 909 1429 est
931 1387 1008 1451 ergo
1029 1365 1084 1449 qui

72 1471 135 1536 sub
159 1472 224 1537 bra
247 1471 276 1535 ei
300 1471 356 1555 qui
376 1472 435 1535 sub
455 1472 530 1554 day.
566 1471 808 1557 magnitudines
832 1493 909 1557 ergo
934 1473 1083 1555 aequales

73 1600 195 1662 appare
217 1582 241 1643 t.
722 1648 725 1653 ,

139 1685 211 1749 dieo
235 1689 352 1768 autem,
377 1684 530 1768 quoniam
554 1688 586 1748 et
608 1684 794 1768 inaequales
818 1685 1023 1749 uidebuntur.

138 1795 282 1855 transeat
306 1795 415 1855 autem
439 1790 551 1855 oculus
575 1794 608 1855 et
632 1793 675 1855 sit
697 1793 724 1876 ι’,
747 1795 779 1855 et
804 1791 1018 1877 coniungatur
1041 1793 1083 1876 ie,
1103 1810 1136 1860 15

69 1902 105 1962 et
124 1896 272 1962 accidant
290 1897 372 1960 radii
389 1897 434 1981 ib,
447 1898 494 1979 ιἰι,
508 1898 553 1980 iq,
567 1898 614 1961 ta.
645 1897 750 1960 maior
769 1919 846 1983 ergo
866 1898 900 1961 ib
920 1920 1018 1982 quam
1036 1899 1083 1964 td.

70 2003 239 2069 auferatur
266 2007 374 2067 autem
406 2002 447 2066 ab
479 2003 515 2066 ib
543 2002 573 2066 ei
610 2024 691 2086 quae
724 2003 839 2068 estid
873 2004 1016 2087 aequalis
1040 2006 1084 2090 bt,

70 2115 105 2175 et
129 2109 345 2192 coniungatur
367 2114 412 2172 at.
450 2108 592 2193 aequalis
617 2130 694 2194 ergo
719 2109 857 2194 angulus
879 2110 939 2174 eta
963 2112 1083 2197 angulo

66 2218 141 2301 yid.
189 2216 244 2281 sed
272 2215 409 2300 angulus
432 2216 493 2280 eta
520 2239 617 2301 quam
644 2215 783 2301 angulus
807 2217 868 2281 bia
895 2218 998 2282 maior
1024 2223 1083 2303 est,

71 2323 150 2407 quia
177 2322 376 2387 extrinsecus
405 2322 528 2387 seilicet
550 2322 735 2387 intrinseco.
783 2327 815 2386 et
842 2323 980 2408 angulus
1004 2347 1082 2411 ergo
1102 2345 1137 2394 νο

66 2431 135 2514 qia
158 2430 277 2515 angulo
300 2430 362 2494 bia
389 2433 438 2494 est
462 2429 573 2494 maior.
608 2412 724 2494 'maior
747 2451 824 2514 ergo
849 2431 1017 2514 apparebit
1037 2434 1086 2514 qd

70 2559 169 2620 quam
192 2537 244 2601 ba.

145 2697 168 2744 1.
189 2707 272 2760 super
290 2694 320 2764 d]
336 2695 448 2762 manetis
467 2695 516 2748 del.
536 2693 575 2748 D.
661 2697 685 2746 4.
705 2692 818 2746 iaceant
836 2694 873 2747 D.
957 2699 998 2749 15.
1018 2711 1084 2748 eon-

69 2763 226 2832 iungantur
240 2765 277 2819 D.
333 2770 375 2818 16.
389 2766 421 2819 ib
432 2765 511 2836 (alt.)]
525 2782 577 2835 my.
592 2770 653 2819 m.1
668 2766 706 2820 D.
768 2771 807 2819 18.
824 2763 1030 2834 coniungantur
1043 2766 1082 2821 D.

71 2941 266 3010 ἐστὶνὴὑπὸ
286 2945 363 2995 BZA
386 2950 419 3013 τῇ
442 2943 496 2996 ὑπὸ
516 2942 771 3015 ΔΖΓὴΑΖτῇ
792 2946 842 2996 ΓΖ
865 2944 914 2998 καὶ
935 2954 991 3000 τῶν
1014 2946 1084 3014 πρὸς

69 3022 134 3137 vagg
147 3011 243 3084 βάσεσι
256 3010 514 3137 κὲιιιένωὶνχωνιεῶὲ
528 3014 645 3137 πλενῒρνὶ
654 3011 832 3138 ὑποσείνλονσι
845 3016 938 3137 {tetrae
949 3024 1038 3106 eqqua
1048 3018 1082 3086 V,

70 3102 208 3209 tuti·
223 3102 555 3224 {tatttutttttt
567 3101 762 3226 §.datu
776 3104 856 3211 tlt
874 3105 1084 3230 ill'i‘iiviiz’

70 3227 195 3282 καὶτῶν
213 3225 283 3293 πρὸς
305 3235 366 3288 ταῖς
384 3223 481 3296 βάσεσι
504 3224 639 3294 κειμένων
658 3238 766 3296 γωνιῶν
789 3227 820 3280 αἱ
838 3229 955 3296 πλευραὶ
972 3230 1084 3286 ὑποτεί-

70 3315 169 3354 νουσιν
186 3297 278 3352 νώνον
294 3305 392 3367 σχῆμα.
449 3304 490 3352 17.
509 3296 555 3367 ια’]
574 3297 610 3350 τὰ
624 3297 676 3367 γάρ
691 3299 777 3367 Vat.¹‚
798 3299 848 3352 sed
862 3297 915 3368 γάρ
931 3300 984 3355 del.
1041 3309 1082 3358 19.

70 3368 120 3440 δή]
138 3386 175 3438 m,
195 3365 227 3421 δέ
245 3367 371 3422 VVat.v.
445 3373 487 3421 22.
507 3367 576 3439 ἀπό]
596 3369 631 3438 δὴ
650 3367 706 3422 ἀπό
725 3370 820 3424 Vatv.
882 3377 924 3425 24.
944 3375 1038 3440 μεῖζον
1057 3393 1082 3430 v.
1133 3391 1135 3395 ’

70 3445 150 3566 Aga.
171 3438 244 3494 ἐστιν
263 3457 288 3493 u.
362 3437 461 3507 μείζων
481 3436 536 3492 ἐσσί
555 3457 590 3493 m.
660 3445 701 3495 26.
721 3443 782 3513 AB]
802 3458 816 3495 e
836 3459 904 3498 corr.
922 3450 989 3498 m.2
1009 3445 1066 3502 Vat

144 3528 170 3565 v.

1068 3491 1083 3516 ¹?
