2424 3944
145 160 211 225 336
538 160 769 212 CATOPI'RICA.

147 308 240 370 εἰσιν.
295 306 332 370 τὸ
364 307 427 392 ἄρα
461 305 600 370 εἴδωλον
632 306 785 387 φαίνεται
817 306 928 387 μεῖζον
960 300 1018 367 καὶ
1049 305 1151 387 μεῖζον

145 418 267 503 ἀπέχον
289 429 349 485 τοῦ
373 420 547 505 ἐνόπτρου·
570 422 689 503 μείζων
710 417 774 503 γὰρ
798 417 818 501 ἡ
841 422 918 482 MA
942 427 1000 501 τῆς
1023 423 1100 483 ΑΛ.

213 650 272 715 ἐὰν
291 647 326 714 δέ
347 649 406 728 ἐξω
426 659 483 733 τῆς
502 648 679 735 διαμέτρου
698 655 780 734 τεθῇ
799 649 839 712 τὰ
853 646 994 733 ὄμματα,
1013 650 1054 713 τὰ
1071 648 1155 728 δεξιὰ

149 770 302 850 φαίνεται
325 764 415 843 δεξιὰ
437 764 492 830 καὶ
516 767 555 830 τὰ
579 765 734 851 ἀριστερὰ
758 764 913 850 ἀριστερὰ
936 761 992 828 καὶ
1010 768 1049 832 τὸ
1069 770 1157 835 εἴδω-

114 887 210 946 ῠλον
233 884 371 946 ἔλασσον
394 890 454 944 τοῦ
477 882 657 967 προσώπου
684 879 739 944 καὶ
762 880 798 945 ἐν
821 889 866 968 τῷ
890 879 954 945 ἀνὰ
976 877 1081 963 μέσον
1104 885 1157 941 τοῦ

147 997 326 1082 προσώπου
349 994 404 1060 καὶ
427 1005 486 1060 τοῦ
510 995 681 1082 ἐνόπτρου.

215 1132 296 1193 έστω
325 1131 388 1214 γὰρ
417 1126 544 1212 όμματα
567 1129 607 1192 τὰ
630 1132 674 1210 Β,
694 1131 735 1211 Γ,
762 1126 901 1212 κέντρον
923 1123 960 1191 δὲ
984 1129 1021 1192 τὸ
1048 1133 1075 1192 Ζ
1103 1136 1158 1192 τοῦ

149 1244 321 1330 ἐνόπτρου,
344 1241 399 1308 καὶ
422 1253 462 1328 τῇ
486 1242 649 1331 διαμέτρῳ
672 1245 756 1328 πρὸς
776 1243 883 1329 ὀρθὰς
905 1246 987 1308 ἔστω
1007 1243 1027 1327 ἡ
1048 1249 1159 1326 ΑΖΔ,

149 1359 204 1424 καὶ
231 1362 333 1446 ταύτη
360 1362 443 1447 πρὸς
466 1359 572 1443 ὀρθὰς
599 1359 618 1442 ἡ
644 1363 720 1442 ΒΓ,
752 1357 807 1424 καὶ
836 1365 889 1442 ῐση
917 1370 956 1445 τῇ
985 1363 1049 1424 ΒΑ
1081 1362 1159 1424 ἔστω

98 1490 131 1537 10
150 1476 169 1559 ἡ
194 1467 269 1560 ΑΓ,
296 1475 352 1540 καὶ
375 1473 452 1553 ὄψις
474 1475 494 1558 ἡ
518 1480 580 1539 ΒΔ
602 1473 817 1559 ἀνακλωμένη
841 1473 893 1539 ἐπὶ
916 1476 953 1539 τὸ
979 1478 1011 1539 Γ
1028 1474 1085 1540 καὶ
1108 1475 1161 1538 διὰ

150 1601 209 1657 τοῦ
232 1591 371 1679 κέντρου
391 1594 428 1656 αἱ
443 1595 554 1675 ΒΖΚ,
574 1595 683 1674 ΓΖΕ,
707 1589 762 1655 καὶ
781 1590 844 1656 ἀπὸ
863 1602 930 1655 τῶν
949 1596 988 1674 Β,
1002 1594 1037 1654 Κ
1059 1590 1079 1673 ἡ
1099 1594 1164 1654 ΚΕ

150 1707 343 1791 ἐπεζεύχθω.
390 1707 513 1772 οὐκοῦν
536 1708 573 1772 τὸ
596 1705 657 1792 μὲν
678 1711 706 1771 Β
731 1705 783 1772 ἐπὶ
806 1716 865 1771 τοῦ
886 1710 920 1770 K
940 1710 1105 1791 φαίνεται,
1127 1707 1161 1769 τὸ

150 1820 186 1887 δέ
211 1827 243 1886 Γ
262 1822 315 1888 ἐπὶ
338 1832 398 1888 τοῦ
422 1827 459 1887 Β.
496 1824 536 1887 τὰ
554 1825 618 1908 ἄρα
642 1821 732 1900 δεξιὰ
755 1821 844 1900 δεξιοὶ
867 1821 922 1887 καὶ
945 1822 985 1885 τὰ
1008 1821 1163 1907 ἀριστερὰ

151 1939 306 2026 ἀριστερὰ
326 1942 477 2024 φαίνεται
496 1937 551 2002 καὶ
570 1940 606 2003 τὸ
626 1942 695 2002 ΒΚ
711 1939 850 2003 εἴδωλον
869 1941 1009 2003 έλασσον
1027 1947 1089 2002 τοῦ
1104 1941 1169 2002 ΒΓ

98 2070 131 2117 15
150 2056 343 2150 προσώπου·
371 2053 580 2139 παράλληλος
601 2052 665 2138 γάρ
690 2051 778 2116 ἐστιν
801 2052 822 2136 ἡ
845 2055 914 2116 ΕΚ
938 2063 977 2138 τῇ
1000 2056 1083 2118 ΒΓ·
1111 2056 1164 2118 καὶ

151 2168 214 2232 ἀνὰ
236 2167 337 2253 μέσον
365 2177 424 2232 τοῦ
448 2167 609 2253 ἐνόπτρου
636 2165 691 2231 καὶ
719 2175 778 2231 τοῦ
801 2169 981 2253 προσώπου
1010 2171 1164 2252 φαίνεται

149 2285 186 2349 τὸ
210 2286 357 2348 εἴδωλον.

217 2416 423 2502 ἀναγομένου
447 2414 483 2481 δέ
502 2425 562 2481 τοῦ
581 2417 760 2502 προσώπου
784 2419 991 2499 ἐτιέλασσον
1011 2421 1164 2501 φαίνεται

152 2535 188 2598 τὸ
213 2535 361 2599 εἴδωλον.
401 2536 483 2598 ἔστω
507 2535 569 2620 γὰρ
593 2535 630 2598 τὸ
650 2537 734 2597 ΜΝ
752 2534 931 2618 πρόσωπον
954 2533 991 2597 τὸ
1016 2533 1099 2599 αὐτὸ
1123 2543 1166 2621 τῷ

99 2663 133 2711 20
153 2652 220 2714 ΒΓ
238 2649 421 2734 ἀφεστηκὸς
443 2648 506 2714 ἀπὸ
530 2657 590 2713 τοῦ
615 2653 683 2713 ΒΓ
700 2651 851 2732 κείμενον
874 2648 1004 2732 ὁμοίως.
1043 2648 1167 2714 οὐκοῦν

223 2955 248 3004 1.
270 2949 410 3004 εἰοιΜιω.
501 2955 525 3002 2.
550 2951 643 3016 μεῖζον
662 2967 687 3001 v.
780 2953 804 3002 3.
823 2947 906 3016 2‘m,
930 2946 1051 3017 271'Vv.
1142 2953 1165 3000 4.

152 3019 231 3085 δεξιὰ
258 3017 391 3089 φαίνεται
421 3038 456 3073 m.
553 3027 576 3072 5.
607 3019 719 3074 ἔλαττον
749 3018 786 3074 Μ,
878 3014 985 3143 μέσονῐ]
1010 3015 1084 3087 μέσω
1113 3018 1165 3072 Vv,

189 3098 211 3146 7.
240 3100 289 3146 τοῦ
314 3091 451 3159 ἐνόπτρου
474 3091 504 3144 τὸ
527 3095 548 3143 Ζ
570 3109 606 3145 m.
703 3096 727 3145 8.
756 3094 841 3144 ΑΖΔ
883 3095 935 3144 ΑΔ
986 3133 993 3157 ,
1023 3074 1073 3144 sed
1100 3107 1165 3145 corr.

152 3180 187 3216 m.
209 3168 232 3215 1.
322 3169 346 3218 9.
369 3172 403 3233 τῇ
423 3167 471 3215 ΒΑ
495 3160 539 3231 ἴση
563 3181 599 3216 m.
691 3167 732 3217 11.
757 3165 840 3215 ΒΖΚ
878 3163 961 3215 ΒΖΕ
983 3160 1021 3215 M.
1112 3159 1166 3216 ἀπό

152 3264 185 3272 -
206 3234 277 3304 ΚΕ]
307 3251 360 3288 om.
380 3253 416 3288 m.
507 3232 665 3303 ἐπεζεύχθω
688 3234 706 3303 ἡ
727 3236 784 3286 ΕΚ
809 3251 845 3286 m.
938 3237 979 3286 12.
1011 3234 1050 3304 B]
1082 3237 1109 3287 Γ
1132 3250 1165 3286 m.

186 3306 248 3375 τοῦ]
268 3321 335 3359 corr.
356 3321 390 3359 ex
408 3303 439 3359 τό
457 3304 494 3358 M.
584 3306 625 3375 Κ]
646 3305 725 3359 EM.
813 3309 854 3357 13.
876 3303 961 3374 Γ]Β
978 3320 1015 3359 m.
1104 3300 1166 3374 καί]

153 3374 284 3444 φαίνεται
311 3374 360 3431 καί
386 3395 422 3429 m.
539 3381 580 3430 14.
615 3373 762 3447 φαίνεται]
791 3383 843 3429 om.
867 3392 903 3428 m.
1020 3379 1062 3429 18.
1095 3375 1167 3430 ἔλατ-

152 3467 201 3501 τον
220 3447 256 3501 Μ.
331 3454 372 3501 20.
395 3446 543 3518 Br(alt.)]
564 3451 619 3500 ΒΓ
633 3444 681 3501 κατ’
700 3466 735 3501 m.
801 3446 917 3517 οὐκοῦν]
937 3444 1025 3501 ὁτιοῦν
1045 3445 1080 3517 V,
1102 3464 1165 3501 corr.

152 3535 187 3571 m.
209 3524 232 3571 1.
