2424 3944
216 840 428 917 Ἀποῦεικνὺς
450 842 490 904 τά
513 839 595 904 κατά
617 841 678 923 τὴν
702 837 782 917 ὄψιν
799 842 1015 924 παραμυθίας
1039 836 1162 922 έκόμιζί

154 971 246 1024 τινας
268 950 631 1033 προσεπιλογιζόμενος,
655 947 741 1013 ῦιότι
763 945 835 1011 κατ’
857 947 991 1022 εὐθείας
1013 947 1162 1033 νραμμάς

153 1063 220 1119 πᾶν
242 1065 315 1139 φῶς
337 1053 480 1140 φέρεται.
516 1065 653 1138 σημεῖον
676 1050 712 1118 δὲ
731 1054 852 1118 τούτου
876 1050 1032 1137 μέγιστον
1054 1053 1113 1130 τάς
1129 1075 1161 1117 τε

154 1160 217 1226 ἀπὸ
240 1172 308 1226 τῶν
326 1161 487 1244 σωμάτων
506 1158 813 1246 ἀπορριπτουμένας
834 1160 928 1236 σκιάς
949 1156 1006 1224 καὶ
1024 1161 1083 1237 τάς
1101 1159 1160 1225 ἀπὸ

120 1278 221 1332 οτῶν
248 1269 403 1353 θυρίδων
425 1290 459 1331 τε
486 1264 541 1330 καί
569 1266 661 1331 ὀπῶν
689 1264 874 1353 φερομένας
901 1265 1007 1348 αὐγὰς
1033 1270 1160 1351 κομίζει.

153 1373 291 1439 ἕκαστον
323 1371 361 1438 δὲ
391 1375 519 1438 τούτων
552 1373 613 1437 οὐκ
644 1371 687 1438 ἀν
719 1371 880 1457 ἐγίγνετο,
916 1372 1069 1458 καθάπερ
1101 1381 1160 1438 νῦν

152 1487 328 1566 θεωρεῖται
359 1482 571 1563 γιγνόμενον,
608 1484 698 1565 εἴπερ
731 1480 775 1563 μὴ
813 1479 850 1543 αί
880 1478 943 1544 ἀπὸ
975 1489 1037 1544 τοῦ
1069 1479 1160 1563 ἡλίου

153 1590 333 1673 φερόμεναι
361 1585 489 1662 ἀκτῖνες
515 1585 598 1650 κατά
620 1597 714 1662 τινας
741 1585 875 1662 εὐθείας
898 1584 1067 1672 ἐφέροντο.
1113 1585 1162 1651 ἐπί

152 1718 187 1759 τε
210 1706 277 1759 τῶν
299 1691 478 1779 παρ”ἡμῖν
501 1704 617 1780 πυρῶν
640 1691 999 1776 τάςάποστελλομένας
1023 1696 1160 1778 ἔφασκεν

101 1814 135 1863 10
154 1800 258 1883 αὐγὰς
281 1802 388 1875 αίτίας
410 1794 495 1863 εἶναι
519 1808 578 1864 τοῦ
602 1823 636 1864 τε
659 1801 864 1883 φωτίζεσθαί
879 1822 954 1864 τινα
975 1810 1044 1864 τῶν
1061 1821 1160 1886 παρα-

152 1905 313 1990 κειμένων
335 1907 496 1990 σωμάτων
518 1903 574 1970 καὶ
592 1905 807 1993 ἀπορρίπτειν
826 1907 920 1982 σκιάς
938 1907 997 1983 τάς
1015 1903 1077 1990 μὲν
1094 1913 1160 1982 ἴσας

153 2023 222 2087 τοῖς
253 2010 482 2096 ὑποκειμένοις
514 2013 658 2095 σώμασι,
689 2012 747 2088 τάς
774 2008 811 2076 δὲ
838 2015 1004 2096 μείζονας,
1038 2013 1098 2090 τὰς
1128 2009 1160 2077 δὲ

154 2117 334 2194 ἐλάσσονας
361 2130 428 2184 τῶν
454 2117 680 2202 ὑποκειμένων
708 2118 878 2202 σωμάτων.
927 2117 983 2184 καὶ
1007 2124 1083 2196 ίσας
1105 2117 1159 2205 μὲν

154 2223 368 2310 ἀπορρίπτειν
386 2225 489 2309 σκιάς,
509 2225 570 2291 ὅσα
588 2236 658 2301 τοῖς
676 2227 855 2309 φωτίζουσι
873 2237 993 2310 πυροῖς
1008 2231 1068 2291 ’ίσα
1088 2226 1160 2309 ἐστί,

102 2345 135 2394 15
154 2332 213 2408 τάς
239 2355 274 2395 τε
302 2330 439 2417 ἐσχάτας
466 2331 600 2408 ἀκτῖνας
628 2329 680 2396 ἐπὶ
707 2334 835 2396 τούτων
863 2335 1061 2416 συμβαίνειν
1083 2355 1159 2420 παρ·

153 2440 316 2521 αλλήλους
330 2441 506 2521 γίγνεσθαι
524 2436 580 2502 καὶ
593 2439 673 2522 μήτε
687 2439 918 2514 συναπτούσας
932 2439 1036 2516 αὐτὰς
1048 2449 1160 2524 μειοῦν

152 2547 213 2629 τὴν
240 2545 336 2609 σκιάν
363 2547 444 2628 μήτε
471 2546 538 2629 μὴν
565 2542 807 2629 ίξαπλουμένας
834 2543 961 2629 αὐξειν,
992 2545 1067 2612 ἀλλ’
1093 2539 1160 2612 οἷόν

153 2650 222 2715 ἐστι
254 2651 291 2715 τὸ
325 2649 568 2736 ἐπιπροσθοῦν,
599 2651 757 2734 τοιαύτην
788 2648 843 2715 καὶ
876 2660 934 2735 τῆς
961 2662 1057 2730 σκιᾶς
1085 2672 1160 2739 συμ

152 2760 288 2843 μετρίαν
307 2757 504 2841 φυλάσσειν·
524 2757 698 2834 ίλάσσονες
712 2753 749 2821 δὲ
763 2769 830 2822 τῶν
844 2758 1008 2842 σωμάτων
1026 2761 1065 2825 αί
1076 2759 1162 2826 σκιαί

98 2876 134 2926 20
152 2866 251 2947 είσιν,
284 2865 364 2928 ὅταν
390 2865 431 2928 τά
459 2867 643 2947 φωτίζοντα
669 2865 759 2950 πυρά
786 2867 919 2948 μείζονα
946 2859 981 2951 ᾖ·
1014 2867 1074 2943 τάς
1102 2867 1158 2952 γὰρ

152 2969 288 3054 ἐσχάτας
307 2968 441 3046 ἀκτῖνας
460 2972 657 3054 συμπίπτειν
676 2967 820 3045 ἑαυταῖς·
845 2970 898 3034 διὸ
917 2970 959 3054 δὴ
978 2970 1035 3037 καὶ
1048 2981 1160 3057 μειοῦν

153 3131 366 3140 ——-.-—-

226 3233 268 3288 Τὰ
286 3234 339 3302 πρὸ
358 3243 413 3288 τῶν
433 3231 587 3288 Εὐκλείδου
606 3233 728 3288 ὀπτικῶν
746 3233 826 3302 va.
883 3240 906 3288 1.
926 3234 995 3287 Post
1015 3234 1086 3306 ὄψιν
1101 3233 1159 3291 add.

153 3306 167 3360 ὁ
188 3303 341 3375 Εὐκλείδης
359 3323 394 3359 m.
414 3321 467 3359 rec.
487 3305 520 3359 V.
594 3303 713 3376 ἐκόμιζε]
736 3306 805 3360 mut.
825 3303 855 3357 in
874 3303 980 3373 κομίζει
1000 3323 1038 3361 m.
1057 3323 1112 3362 rec.
1131 3305 1159 3360 V.

188 3383 213 3430 2.
233 3376 317 3447 διότι]
337 3378 378 3430 ἃι-
398 3375 451 3430 del.
471 3394 506 3429 m.
522 3393 575 3431 rec.
590 3376 624 3430 V.
692 3381 716 3430 4.
736 3373 1013 3449 ἀπορριπτουμένας]
1033 3399 1076 3448 γρ.
1092 3397 1161 3448 γινο-

152 3445 238 3514 μένας
251 3466 287 3501 m.
302 3463 355 3501 rec.
365 3447 399 3516 V,
414 3445 658 3517 ἀπορριπτομένας
671 3466 698 3517 p.
754 3453 796 3502 10.
815 3447 857 3518 τε]
877 3466 908 3517 νε
920 3448 982 3535 Vv.
1041 3455 1085 3504 14.
1100 3449 1161 3504 Post

71 3558 104 3640 k
