2424 3944
147 175 212 240 256
580 174 736 226 scnom

147 330 205 404 τῆς
224 324 264 384 Σ.
301 318 373 384 ἀλλ’
390 319 410 403 ή
429 323 464 383 Σ
483 327 523 403 τῇ
542 317 573 392 Ξ
593 317 683 383 ἐστιν
702 324 770 401 ἴση·
792 316 849 382 καὶ
871 316 892 400 ή
911 321 951 382 Ν
969 319 1034 403 ἄρα
1057 316 1165 400 τῆςΞ

147 431 265 512 μείζων
288 426 386 491 ἐστίν.

218 553 268 617 16.
286 550 393 617 Ἔστω
413 557 468 615 ἴσα
487 551 690 634 διαστήματα
710 548 763 614 ἐπὶ
781 558 858 633 μιᾶς
876 548 1012 625 εὐθείας
1030 549 1073 612 τὰ
1086 552 1163 631 ΑΒ,

148 662 221 741 ΒΓ,
241 662 311 741 ΓΔ,
333 656 388 722 καὶ
412 656 548 741 ἀνήχθω
571 667 611 742 τῇ
635 662 700 721 ΑΔ
722 658 805 742 πρὸς
827 655 934 741 ὀρθὰς
956 655 977 739 ή
1001 660 1084 738 ΑΕ,
1108 653 1161 739 ἐφ’

114 761 188 848 οής
215 769 339 830 κείσθω
368 762 457 848 ὄμμα
484 765 521 829 τὸ
547 769 584 828 Β.
640 762 739 846 λέγω,
772 763 823 828 ὅτι
846 765 956 847 μεῖζον
979 763 1163 846 φανήσεται

150 874 187 937 τὸ
210 869 271 956 μὲν
294 876 359 935 ΑΒ
382 880 441 935 τοῦ
465 874 539 953 ΒΓ,
562 871 599 935 τὸ
623 866 659 935 δὲ
683 873 751 934 ΒΓ
768 878 828 935 τοῦ
852 872 922 933 ΓΔ.
962 866 1163 952 προσπιπτέ-

150 994 259 1042 τωσαν
287 978 350 1063 γὰρ
374 977 503 1054 ἀκτῖνες
530 979 567 1041 αι’
588 981 667 1060 ΕΒ,
690 980 768 1060 ΕΓ,
791 981 873 1059 ΕΔ,
900 973 956 1039 καὶ
983 977 1080 1059 ήχθω
1109 975 1164 1039 διὰ

150 1093 210 1148 τοῦ
234 1088 263 1147 Β
287 1087 424 1167 σημείου
447 1093 486 1168 τή
511 1087 574 1148 ΓΕ
600 1084 716 1170 εὐθείᾳ
739 1082 948 1168 παράλληλος
970 1081 991 1164 ή
1014 1087 1080 1146 ΒΖ
1109 1082 1164 1146 διὰ

150 1191 188 1254 τὸ
217 1191 373 1275 δεύτερον
400 1199 460 1254 τοῦ
488 1189 593 1254 ἕκτου.
640 1191 758 1254 λοιπὸν
785 1192 876 1255 ἔσται
905 1194 958 1271 ἴση
986 1186 1006 1270 ή
1031 1195 1064 1253 Α
1070 1193 1098 1252 Ζ
1127 1196 1164 1273 τῇ

99 1311 132 1361 10
153 1301 223 1360 ΖΕ.
260 1300 378 1381 μείζων
401 1293 437 1362 δὲ
461 1295 481 1379 ή
500 1301 563 1361 ΒΖ
587 1306 644 1380 τής
664 1302 728 1361 ΖΑ
752 1296 808 1360 διὰ
831 1297 868 1360 τὸ
887 1297 1018 1380 μείζονα
1038 1296 1165 1376 γωνίαν

151 1402 350 1467 ὑποτείνειν·
384 1407 502 1487 μείζων
525 1405 589 1489 ἄρα
612 1401 667 1467 καὶ
690 1412 748 1485 τής
772 1407 843 1466 ΖΕ,
881 1405 999 1486 μείζων
1023 1402 1088 1487 ὐρα
1111 1398 1165 1465 καὶ

152 1509 172 1593 ἡ
198 1514 227 1573 Θ
249 1513 353 1591 γωνία
376 1518 434 1593 τής
457 1512 496 1573 K.
539 1509 622 1573 ἀλλὰ
644 1519 684 1594 τῇ
708 1513 742 1572 Κ
763 1515 816 1592 ἴση
839 1507 860 1591 ή
884 1512 916 1572 Λ
938 1508 1055 1572 διὰτὸ
1080 1503 1165 1572 εἶναι

153 1613 303 1692 ἐναλλάξ·
336 1618 453 1699 μείζων
485 1617 549 1702 ἄρα
581 1614 601 1698 ή
632 1619 661 1679 Θ
691 1613 747 1679 καὶ
778 1624 836 1699 τῆς
864 1618 903 1679 Λ.
958 1617 1069 1699 μεῖζον
1103 1616 1166 1699 ἄρα

153 1720 338 1805 ὀφθήσεται
361 1723 398 1786 τὸ
418 1727 483 1786 ΑΒ
507 1730 567 1785 τοῦ
586 1725 657 1785 ΒΓ.
695 1718 817 1806 ὁμοίως
840 1722 896 1785 διὰ
919 1729 979 1785 τοῦ
1001 1724 1035 1785 Γ
1053 1719 1165 1805 ἀχθεί-

101 1844 134 1893 15
154 1843 213 1910 σης
234 1829 447 1913 παραλλήλου
470 1838 511 1913 τή
535 1833 604 1893 ΔΕ
625 1836 683 1911 τῆς
707 1831 778 1892 ΓΗ
796 1829 1007 1912 δειχθήσεται
1031 1828 1068 1892 τὸ
1094 1829 1165 1909 ΒΓ,

154 1934 204 1998 ὅτι
227 1937 337 2018 μεῖζον
360 1937 542 2018 φανήσεται
565 1942 626 1999 τοῦ
650 1937 720 1999 ΓΔ.

223 2059 272 2121 17.
305 2059 374 2123 Διὰ
392 2060 429 2123 τὸ
448 2060 509 2142 τήν
528 2062 599 2123 ΛΓ
615 2057 803 2123 ὑποτείνειν
820 2055 875 2122 καὶ
893 2058 955 2141 τήν
973 2062 1018 2122 Μ
1034 2062 1166 2144 μείζονα

155 2159 259 2229 οὖσαν
292 2162 347 2228 καὶ
378 2174 436 2248 τής
464 2168 535 2230 ΛΚ
563 2175 621 2250 τῆς
647 2165 885 2248 ὑποτεινούσης
912 2167 973 2249 τήν
1002 2170 1046 2249 0,
1080 2165 1101 2250 ή
1132 2161 1167 2229 δὲ

154 2272 272 2354 μείζων
294 2273 420 2358 πλευρὰ
442 2272 503 2355 τήν
526 2275 658 2355 μείζονα
681 2276 807 2355 γωνίαν
828 2271 1003 2336 ὑποτείνει.

101 2391 137 2440 20
222 2374 241 2459 ή
266 2373 302 2441 δὲ
325 2379 372 2454 είς
394 2378 452 2455 τὰς
473 2381 706 2465 παραλλήλους
728 2377 861 2454 εὐθείας
884 2377 1090 2462 ἐμπίπτουσα
1111 2379 1169 2455 τὰς

156 2481 294 2561 ἐναλλὰξ
317 2487 440 2566 γωνίας
463 2490 536 2561 ἴσας
560 2485 717 2567 ἀλλήλαις
739 2497 834 2550 ποιεί.

540 2697 592 2764 Ad
614 2719 706 2782 prop.
730 2696 784 2762 VI.

226 2823 275 2887 18.
309 2821 461 2898 Κοίθετος
484 2823 548 2907 ἄρα
573 2822 662 2887 ἐστίν
684 2846 716 2906 p.
738 2824 809 2905 162,
833 2821 935 2906 3-4]
959 2831 1029 2898 πῶς
1051 2821 1073 2906 ή
1094 2827 1172 2890 ΚΜ

156 2927 297 3005 κάθετός
320 2927 410 2993 ἐστιν
434 2926 486 2994 ἐπὶ
509 2930 570 3012 τήν
589 2933 674 3012 ΜΛ,
698 2927 847 3014 δείξομεν
870 2928 988 3006 οὕτως·
1013 2928 1084 2994 ἐπεὶ
1106 2930 1169 2995 ἀπὸ

231 3126 272 3175 16,
296 3121 325 3173 v¹
349 3119 379 3173 in
397 3138 451 3190 mg.
473 3139 532 3190 sup.
553 3121 600 3190 (ad
624 3121 715 3191 ipsam
738 3137 816 3191 prop.
835 3117 852 3176 4
876 3122 940 3176 add.
966 3119 1046 3189 ἑτέρα
1068 3123 1171 3177 τούτου

159 3191 217 3245 ἄνω
232 3190 396 3262 ἀπόδειξις);
417 3196 460 3246 est
478 3196 534 3262 opt.
550 3195 605 3247 uess.
621 3209 699 3262 prop.
713 3193 759 3247 IV.
815 3197 857 3247 17.
877 3210 896 3260 q
914 3192 962 3262 (ad
976 3193 1063 3248 schol.
1079 3212 1121 3248 nr.
1138 3198 1170 3247 15

158 3281 184 3331 p.
201 3267 261 3331 255,
276 3268 310 3316 20
325 3265 353 3316 et
368 3267 419 3334 21).
477 3270 518 3318 18.
536 3264 573 3332 R,
593 3281 612 3331 q
630 3263 677 3318 fol.
696 3269 744 3318 109
765 3264 839 3332 (add.
860 3263 932 3333 ζήτει
951 3263 981 3318 ἐν
999 3269 1038 3337 τῷ
1057 3265 1083 3330 ζ’
1099 3269 1171 3319 θεω-

160 3332 270 3403 ρήματι)
289 3334 440 3405 (M1Arsu‚
459 3335 523 3389 vat.
543 3354 578 3390 m.
599 3338 632 3404 2).

231 3535 272 3583 24.
292 3530 360 3583 Post
379 3527 438 3583 ἐπεί
457 3530 521 3584 add.
541 3526 566 3584 ου
580 3526 652 3600 (οὐν)
671 3531 702 3585 R.
