2424 3944
125 176 169 241 62
465 178 634 229 εωωοωιε
654 175 791 229 0ch.

125 325 201 406 ΓΔ,
224 326 302 406 ΕΖ,
333 319 389 386 καῖ
422 319 670 404 ἐπεζεύχθωσαν
702 320 739 384 αί
762 322 835 403 ΒΓ,
859 322 936 403 ΒΕ,
959 322 1039 402 ΒΔ,
1063 323 1135 386 ΒΖ.

125 428 194 494 ἐπεὶ
222 425 284 495 οὖν
311 434 365 510 ἴση
393 425 483 491 ἐστὶν
509 425 530 508 ἡ
555 430 620 491 ZA
647 437 687 511 τῇ
710 429 789 509 ΑΓ,
820 427 917 510 κοινὴ
944 423 982 491 δὲ
1009 426 1030 509 ἡ
1058 431 1134 510 ΑΒ,

123 535 179 601 καῖ
202 533 304 621 ὀρθαὶ
331 535 368 599 αί
388 537 521 616 γωνίαι,
548 534 644 616 βάσις
670 534 735 617 ἀρα
757 532 778 615 ἡ
803 536 865 597 ΖΒ
887 532 983 616 βάσει
1010 543 1050 618 τῇ
1073 535 1139 597 ΒΓ

124 649 179 726 ἴση
203 639 381 724 ἐστίν,καῖ
404 642 441 705 αί
461 638 536 725 περῖ
558 640 617 715 τάς
638 639 752 722 βάσεις
774 642 902 721 γωνίαι.
949 645 1004 722 ἴση
1028 641 1093 726 ἀρα
1114 638 1134 722 ἡ

89 748 188 813 σὺπὸ
212 758 279 812 τῶν
303 751 374 829 ΖΒ,
398 752 460 811 BA
482 757 522 832 τῇ
544 745 610 810 ὑπὸ
633 756 701 809 τῶν
723 750 800 828 ΑΒ,
819 748 890 810 ΒΓ.
936 744 1059 830 ὁμοίως
1081 743 1135 810 καῖ

123 853 231 938 ηοιὸ
254 859 350 919 ΕΒΑ
374 865 413 939 ιη
435 853 500 918 οπο
523 857 632 917 ΑΒΔ.
669 852 777 937 ηερε
799 851 864 916 ὑπὸ
888 862 956 916 τοι
980 854 1054 936 ΓΒ,
1072 857 1133 916 ΒΛ

124 966 178 1043 ἴση
203 958 271 1025 ἐστὶ
299 971 338 1045 τῇ
360 960 426 1041 ὑπὸ
449 971 517 1024 τῶν
539 964 618 1042 ΕΒ,
637 963 665 1022 Β
673 962 708 1022 Ζ.
754 959 794 1022 τά
817 955 850 1021 δ’
870 956 936 1022 ὑπὸ
959 969 1028 1023 τῶν
1053 965 1133 1024 ἴσων

123 1078 255 1149 γωνιῶν
276 1065 428 1153 ὁρώμενα
452 1072 506 1130 ἴσα
525 1069 686 1149 φαίνεται.
724 1070 778 1147 ἴση
797 1066 861 1151 ἀρα
879 1064 900 1147 ἡ
920 1068 981 1130 ΓΔ
1004 1074 1044 1150 τῇ
1063 1070 1133 1131 ΕΖ.

190 1172 253 1237 κάν
275 1173 296 1256 η
319 1172 383 1237 ἀπὸ
406 1180 466 1236 τοῦ
489 1171 628 1256 κέντρου
653 1171 793 1255 ἀχθεῖσα
820 1174 864 1256 μη
887 1173 970 1258 πρὸς
993 1165 1132 1259 ὀρθάςῇ

71 1288 105 1336 10
124 1289 169 1368 τῷ
193 1279 347 1367 ἐπιπέδῳ,
371 1286 424 1363 ἴση
448 1276 485 1343 δὲ
507 1273 529 1364 ᾗ
551 1289 591 1365 τῇ
611 1278 645 1343 ἐκ
663 1287 724 1343 τοῦ
742 1276 893 1364 κέντρου,
916 1281 954 1344 αί
965 1279 1130 1367 διάμετροι

122 1395 224 1452 πᾶσαι
248 1393 317 1452 ἴσαι
341 1388 556 1471 φανήσονται.

190 1497 272 1559 ἐστω
291 1495 412 1570 κύκλος
430 1493 447 1558 ὁ
467 1499 499 1557 Α
504 1496 610 1575 ΒΓΔ,
632 1490 688 1556 καῖ
706 1493 866 1575 ἤχθωσαν
885 1495 932 1569 είς
951 1492 1055 1558 αὐτὸν
1074 1492 1130 1557 δύο

123 1601 293 1685 διάμετροι
316 1602 353 1666 αί
369 1605 446 1683 ΑΒ,
466 1603 536 1683 ΓΛ,
559 1597 614 1663 καῖ
637 1602 720 1663 ἐστω
743 1597 763 1681 ἡ
784 1598 847 1663 ἀπὸ
866 1608 926 1663 τοῦ
944 1604 977 1664 Ε
998 1603 1133 1684 σημείον

123 1705 324 1791 ἀναγομένη,
356 1704 409 1790 ἐφ’
434 1701 474 1788 ἧς
504 1707 542 1770 τὸ
570 1707 657 1789 ὄμμα

70 1822 104 1871 15
122 1826 225 1878 κεῖται
248 1814 285 1878 τὸ
309 1817 346 1896 Ζ,
369 1815 413 1897 μὴ
436 1814 519 1898 πρὸς
541 1812 656 1897 ὀρθάς,

123 1919 206 1985 ἀλλά
230 1926 284 2002 ἴση
308 1918 425 2005 ἑκάστη
448 1931 515 1984 των
539 1918 574 1983 ἐκ
597 1928 656 1983 τοῦ

121 2024 261 2111 κε’ντρου
301 2025 322 2108 ἡ
363 2030 448 2109 ΖΕ,
489 2024 544 2090 καῖ
585 2024 656 2090 ἐπε-

123 2133 315 2215 ζεύχθωσαν
349 2131 478 2208 ἀκτῖνες
513 2132 551 2196 αί
582 2136 657 2214 ΖΑ,

125 2241 195 2320 ΖΓ,
216 2242 286 2321 ΖΒ,
307 2243 377 2304 ΖΛ.
424 2237 493 2304 ἐπεὶ
516 2234 579 2304 οὖν
602 2244 656 2321 ἴση
716 2311 718 2315 .

70 2352 104 2401 ιο
124 2341 214 2408 ἐστιν
244 2343 265 2426 η
298 2350 363 2409 BE
393 2355 432 2432 ιη
462 2350 540 2428 Ez,
574 2344 657 2409 ωλι

122 2449 178 2516 καῖ
204 2452 225 2535 ἡ
249 2457 316 2516 ΕΑ
344 2458 398 2535 ἴση
426 2451 494 2517 ἐστὶ
521 2462 560 2538 τῇ
584 2457 657 2534 ΕΖ,

123 2560 160 2623 αί
189 2570 277 2644 τρεῖς
303 2561 368 2645 ἀρα
395 2561 433 2625 αί
457 2565 534 2643 ΕΖ,
560 2565 641 2643 ΕΑ,
669 2563 732 2624 ΕΒ
766 2564 834 2624 ἴσαι
862 2560 955 2624 εἰσίν.
1006 2561 1044 2625 τὸ
1072 2562 1128 2646 ἀρα

124 2665 159 2730 ἐν
182 2674 227 2752 τῷ
251 2666 307 2729 διά
330 2677 397 2731 τῶν
420 2671 500 2748 ΑΒ,
523 2671 587 2731 ΕΖ
618 2665 758 2753 ἐπιπέδῳ
785 2664 862 2751 περῖ
885 2668 946 2750 τὴν
969 2671 1036 2732 ΑΒ
1064 2666 1128 2732 διά-

123 2796 243 2859 μετρον
271 2772 467 2857 ἡμικύκλιον
494 2777 706 2859 γραφόμενον
735 2773 900 2838 ἐλεύσεται
928 2774 985 2838 διά
1012 2782 1074 2837 τοῦ
1096 2776 1127 2837 Ζ.

70 2886 104 2934 25
124 2878 211 2964 ὀρθὴ
239 2881 303 2965 ἀρα
331 2879 351 2962 ἡ
378 2879 444 2944 ὑπὸ
472 2890 539 2944 των
562 2884 643 2963 ΑΖ,
669 2883 739 2943 ΖΒ.
789 2879 910 2964 ὁμοίως
936 2878 992 2945 καῖ
1020 2880 1041 2964 η
1069 2878 1127 2945 ὑπὸ

123 3034 279 3042 ,.--.--
285 3034 335 3040 ..-

194 3114 218 3163 2.
238 3118 271 3181 τῇ
302 3115 351 3178 τῆς
369 3108 465 3163 Vat.v.
556 3107 625 3178 ΑΓ]
645 3105 675 3159 in
693 3123 747 3162 ras,
767 3107 799 3162 V.
883 3106 965 3177 κοινὴ
985 3104 1016 3162 δῖ
1035 3108 1054 3178 ἡ
1072 3105 1127 3176 AB]

124 3197 269 3249 suprascr.
311 3203 317 3247 3
339 3178 392 3235 del.
404 3181 460 3234 est:
479 3176 524 3248 ἴση
540 3177 615 3232 ἔσται
628 3177 677 3232 καῖ
691 3177 708 3246 ἡ
724 3198 765 3247 γα
778 3186 812 3249 τῇ
826 3198 844 3231 α
838 3180 875 3302 μ
931 3185 955 3234 3.
975 3179 1025 3234 καὶ
1035 3176 1128 3258 γωνίαι

124 3248 211 3319 ὀρθαί
229 3251 325 3306 Vat.v.
408 3249 449 3321 αἴ]
470 3266 522 3303 om.
542 3250 608 3304 Vm.
688 3250 749 3320 ZB]
770 3253 821 3302 BZ
864 3252 934 3304 οων.
1016 3252 1085 3323 ΒΓ]
1101 3262 1174 3301 m=

123 3339 176 3376 ras.
196 3322 230 3390 V,
249 3328 271 3375 A
278 3326 303 3374 Γ
317 3340 353 3376 m.
426 3328 450 3376 4.
475 3320 549 3375 ἐστιν
568 3319 613 3390 ἴση
632 3320 760 3375 Vat.vm.
839 3325 863 3375 ὅ.
881 3330 937 3376 τῶν
952 3321 1127 3392 (utrumquess

124 3410 176 3448 om.
196 3392 412 3447 Vat.vat.1vm.
485 3392 546 3462 BA]
565 3398 587 3445 A
606 3391 727 3460 ἀπίδω,
748 3396 770 3445 Β
789 3390 842 3446 (1ο1.
862 3391 956 3448 vvat.
1030 3395 1128 3466 AB]B

125 3463 177 3518 del.
188 3464 221 3519 V.
277 3468 332 3517 ΒΓ
366 3462 545 3532 ΒδεῖΝεῖ,
566 3462 729 3532 PVat.¹m‚
751 3461 889 3517 Pinras.
900 3463 933 3518 V.
996 3471 1019 3520 6.
1041 3469 1093 3519 ΕΒ

125 3538 203 3589 ΕΑΒ
222 3553 248 3605 v,
268 3536 297 3588 et
340 3536 388 3603 ab„
408 3534 456 3588 sed
475 3549 543 3589 corr.
607 3543 640 3606 τη
658 3534 726 3606 ὑπό]
744 3536 844 3603 postea
863 3534 927 3590 add.
946 3535 980 3591 V.
1045 3541 1118 3592 ΑΒΔ
