<?xml version="1.0" encoding="UTF-8"?>
<!DOCTYPE html PUBLIC "-//W3C//DTD XHTML 1.0 Transitional//EN"
    "http://www.w3.org/TR/xhtml1/DTD/xhtml1-transitional.dtd">
<html xmlns="http://www.w3.org/1999/xhtml" xml:lang="en" lang="en">
 <head>
  <title>
</title>
<meta http-equiv="Content-Type" content="text/html;charset=utf-8" />
  <meta name='ocr-system' content='tesseract 3.04.00' />
  <meta name='ocr-capabilities' content='ocr_page ocr_carea ocr_par ocr_line ocrx_word'/>
</head>
<body>
  <div class='ocr_page' id='page_1' title='image "./euclidisoperaom01unkngoog_0149.png"; bbox 0 0 2424 3944; ppageno 0'>
   <div class='ocr_carea' id='block_1_1' title="bbox 475 170 801 224">
    <p class='ocr_par' dir='ltr' id='par_1_1' title="bbox 475 170 801 224">
     <span class='ocr_line' id='line_1_1' title="bbox 475 170 801 224; baseline 0.006 -3"><span class='ocrx_word' id='word_1_1' title='bbox 475 170 644 222; x_wconf 82' lang='lat' dir='ltr'>EUGLIDIS</span> <span class='ocrx_word' id='word_1_2' title='bbox 663 171 801 224; x_wconf 82' lang='lat' dir='ltr'>OPTIOA.</span> 
     </span>
    </p>
   </div>
   <div class='ocr_carea' id='block_1_2' title="bbox 65 392 1152 2920">
    <p class='ocr_par' dir='ltr' id='par_1_2' title="bbox 616 392 661 451">
     <span class='ocr_line' id='line_1_2' title="bbox 616 392 661 451; baseline 0 -20"><span class='ocrx_word' id='word_1_3' title='bbox 616 392 661 451; x_wconf 92' lang='grc' dir='ltr'><strong><em>μ.</em></strong></span> 
     </span>
    </p>

    <p class='ocr_par' dir='ltr' id='par_1_3' title="bbox 134 485 1147 790">
     <span class='ocr_line' id='line_1_3' title="bbox 200 485 1147 577; baseline 0 -23"><span class='ocrx_word' id='word_1_4' title='bbox 200 488 276 555; x_wconf 78' lang='grc' dir='ltr'><strong><em>Ἐιλν</em></strong></span> <span class='ocrx_word' id='word_1_5' title='bbox 299 487 336 554; x_wconf 72' lang='grc' dir='ltr'><strong><em>δὲ</em></strong></span> <span class='ocrx_word' id='word_1_6' title='bbox 357 491 394 554; x_wconf 91' lang='grc' dir='ltr'><strong><em>τὸ</em></strong></span> <span class='ocrx_word' id='word_1_7' title='bbox 418 489 587 575; x_wconf 84' lang='grc' dir='ltr'><strong><em>ὁρώμενον</em></strong></span> <span class='ocrx_word' id='word_1_8' title='bbox 610 492 654 575; x_wconf 81' lang='grc' dir='ltr'><strong><em>μη</em></strong></span> <span class='ocrx_word' id='word_1_9' title='bbox 676 491 760 576; x_wconf 81' lang='grc' dir='ltr'><strong><em>πρὸς</em></strong></span> <span class='ocrx_word' id='word_1_10' title='bbox 783 490 889 575; x_wconf 81' lang='grc' dir='ltr'><strong><em>ὀρθὰς</em></strong></span> <span class='ocrx_word' id='word_1_11' title='bbox 911 485 997 577; x_wconf 77' lang='grc' dir='ltr'><strong><em>ᾗτῳ</em></strong></span> <span class='ocrx_word' id='word_1_12' title='bbox 1015 489 1147 554; x_wconf 85' lang='grc' dir='ltr'><strong><em>ὑποκει-</em></strong></span> 
     </span>
     <span class='ocr_line' id='line_1_4' title="bbox 134 593 1147 686; baseline -0.002 -23"><span class='ocrx_word' id='word_1_13' title='bbox 134 595 222 686; x_wconf 98' lang='grc' dir='ltr'><strong><em>μένῳ</em></strong></span> <span class='ocrx_word' id='word_1_14' title='bbox 251 594 407 684; x_wconf 76' lang='grc' dir='ltr'><strong><em>ἐπιπέδῳ,</em></strong></span> <span class='ocrx_word' id='word_1_15' title='bbox 435 600 629 680; x_wconf 88' lang='grc' dir='ltr'><strong><em>μεθίστηται</em></strong></span> <span class='ocrx_word' id='word_1_16' title='bbox 653 593 689 661; x_wconf 78' lang='grc' dir='ltr'><strong><em>δέ</em></strong></span> <span class='ocrx_word' id='word_1_17' title='bbox 713 595 765 661; x_wconf 78' lang='grc' dir='ltr'><strong><em>ἐπὶ</em></strong></span> <span class='ocrx_word' id='word_1_18' title='bbox 789 599 912 662; x_wconf 93' lang='grc' dir='ltr'><strong><em>κύκλου</em></strong></span> <span class='ocrx_word' id='word_1_19' title='bbox 936 600 1147 683; x_wconf 78' lang='grc' dir='ltr'><strong><em>περιφερείας</em></strong></span> 
     </span>
     <span class='ocr_line' id='line_1_5' title="bbox 136 699 1147 790; baseline -0.002 -21"><span class='ocrx_word' id='word_1_20' title='bbox 136 712 210 769; x_wconf 81' lang='grc' dir='ltr'><strong><em>ἴσον</em></strong></span> <span class='ocrx_word' id='word_1_21' title='bbox 233 704 272 767; x_wconf 87' lang='grc' dir='ltr'><strong><em>ὂν</em></strong></span> <span class='ocrx_word' id='word_1_22' title='bbox 290 712 330 787; x_wconf 81' lang='grc' dir='ltr'><strong><em>τῇ</em></strong></span> <span class='ocrx_word' id='word_1_23' title='bbox 351 702 386 768; x_wconf 89' lang='grc' dir='ltr'><strong><em>ἐκ</em></strong></span> <span class='ocrx_word' id='word_1_24' title='bbox 404 712 464 767; x_wconf 89' lang='grc' dir='ltr'><strong><em>τοῦ</em></strong></span> <span class='ocrx_word' id='word_1_25' title='bbox 483 702 632 788; x_wconf 80' lang='grc' dir='ltr'><strong><em>κέντρου,</em></strong></span> <span class='ocrx_word' id='word_1_26' title='bbox 655 700 733 768; x_wconf 72' lang='grc' dir='ltr'><strong><em>ποτε</em></strong></span> <span class='ocrx_word' id='word_1_27' title='bbox 754 699 815 787; x_wconf 67' lang='grc' dir='ltr'><strong><em>μὲν</em></strong></span> <span class='ocrx_word' id='word_1_28' title='bbox 835 709 909 767; x_wconf 76' lang='grc' dir='ltr'><strong><em>ἴσον</em></strong></span> <span class='ocrx_word' id='word_1_29' title='bbox 927 701 1045 790; x_wconf 78' lang='grc' dir='ltr'><strong><em>ἑαυτῷ,</em></strong></span> <span class='ocrx_word' id='word_1_30' title='bbox 1069 700 1147 767; x_wconf 69' lang='grc' dir='ltr'><strong><em>ποτὲ</em></strong></span> 
     </span>
    </p>

    <p class='ocr_par' dir='ltr' id='par_1_4' title="bbox 100 807 1148 1002">
     <span class='ocr_line' id='line_1_6' title="bbox 100 807 1148 895; baseline 0.004 -25"><span class='ocrx_word' id='word_1_31' title='bbox 100 807 173 875; x_wconf 71' lang='grc' dir='ltr'><strong><em>ὅδὲ</em></strong></span> <span class='ocrx_word' id='word_1_32' title='bbox 200 811 317 874; x_wconf 79' lang='grc' dir='ltr'><strong><em>ἄνισον</em></strong></span> <span class='ocrx_word' id='word_1_33' title='bbox 344 808 528 893; x_wconf 78' lang='grc' dir='ltr'><strong><em>ὀφθήσεται</em></strong></span> <span class='ocrx_word' id='word_1_34' title='bbox 555 810 638 874; x_wconf 83' lang='grc' dir='ltr'><strong><em>κατὰ</em></strong></span> <span class='ocrx_word' id='word_1_35' title='bbox 663 810 880 895; x_wconf 75' lang='grc' dir='ltr'><strong><em>παράλληλον</em></strong></span> <span class='ocrx_word' id='word_1_36' title='bbox 911 808 1010 874; x_wconf 89' lang='grc' dir='ltr'><strong><em>θέσιν</em></strong></span> <span class='ocrx_word' id='word_1_37' title='bbox 1043 819 1083 895; x_wconf 77' lang='grc' dir='ltr'><strong><em>τῇ</em></strong></span> <span class='ocrx_word' id='word_1_38' title='bbox 1116 807 1148 887; x_wconf 80' lang='grc' dir='ltr'><strong><em>ἐξ</em></strong></span> 
     </span>
     <span class='ocr_line' id='line_1_7' title="bbox 135 916 466 1002; baseline -0.006 -22"><span class='ocrx_word' id='word_1_39' title='bbox 135 916 237 1002; x_wconf 81' lang='grc' dir='ltr'><strong><em>ἀρχῆς</em></strong></span> <span class='ocrx_word' id='word_1_40' title='bbox 259 919 466 999; x_wconf 76' lang='grc' dir='ltr'><strong><em>μεταβαῖνον.</em></strong></span> 
     </span>
    </p>

    <p class='ocr_par' dir='ltr' id='par_1_5' title="bbox 136 1020 1151 1322">
     <span class='ocr_line' id='line_1_8' title="bbox 202 1020 1149 1108; baseline 0 -22"><span class='ocrx_word' id='word_1_41' title='bbox 202 1025 284 1086; x_wconf 84' lang='grc' dir='ltr'><strong><em>ἐστω</em></strong></span> <span class='ocrx_word' id='word_1_42' title='bbox 316 1024 437 1097; x_wconf 79' lang='grc' dir='ltr'><strong><em>κύκλος</em></strong></span> <span class='ocrx_word' id='word_1_43' title='bbox 468 1021 485 1086; x_wconf 90' lang='grc' dir='ltr'>ὁ</span> <span class='ocrx_word' id='word_1_44' title='bbox 514 1028 590 1105; x_wconf 86' lang='grc' dir='ltr'><strong><em>ΑΛ,</em></strong></span> <span class='ocrx_word' id='word_1_45' title='bbox 622 1021 677 1087; x_wconf 82' lang='grc' dir='ltr'><strong><em>καὶ</em></strong></span> <span class='ocrx_word' id='word_1_46' title='bbox 708 1024 859 1106; x_wconf 79' lang='grc' dir='ltr'><strong><em>εἰλήφθω</em></strong></span> <span class='ocrx_word' id='word_1_47' title='bbox 894 1020 946 1086; x_wconf 83' lang='grc' dir='ltr'><strong><em>ἐπὶ</em></strong></span> <span class='ocrx_word' id='word_1_48' title='bbox 974 1030 1032 1106; x_wconf 78' lang='grc' dir='ltr'><strong><em>της</em></strong></span> <span class='ocrx_word' id='word_1_49' title='bbox 1059 1043 1149 1108; x_wconf 88' lang='grc' dir='ltr'><strong><em>περι-</em></strong></span> 
     </span>
     <span class='ocr_line' id='line_1_9' title="bbox 136 1127 1151 1214; baseline -0.001 -22"><span class='ocrx_word' id='word_1_50' title='bbox 136 1132 270 1214; x_wconf 84' lang='grc' dir='ltr'><strong><em>φερείας</em></strong></span> <span class='ocrx_word' id='word_1_51' title='bbox 297 1128 400 1193; x_wconf 85' lang='grc' dir='ltr'><strong><em>αὐτοῦ</em></strong></span> <span class='ocrx_word' id='word_1_52' title='bbox 424 1140 560 1212; x_wconf 82' lang='grc' dir='ltr'><strong><em>σημεῖον</em></strong></span> <span class='ocrx_word' id='word_1_53' title='bbox 583 1129 619 1194; x_wconf 92' lang='grc' dir='ltr'><strong><em>τὸ</em></strong></span> <span class='ocrx_word' id='word_1_54' title='bbox 642 1134 690 1212; x_wconf 88' lang='grc' dir='ltr'><strong><em>Δ,</em></strong></span> <span class='ocrx_word' id='word_1_55' title='bbox 717 1127 773 1193; x_wconf 80' lang='grc' dir='ltr'><strong><em>καὶ</em></strong></span> <span class='ocrx_word' id='word_1_56' title='bbox 801 1128 967 1213; x_wconf 76' lang='grc' dir='ltr'><strong><em>ἐφεστάτω</em></strong></span> <span class='ocrx_word' id='word_1_57' title='bbox 995 1129 1040 1212; x_wconf 79' lang='grc' dir='ltr'><strong><em>μὴ</em></strong></span> <span class='ocrx_word' id='word_1_58' title='bbox 1068 1128 1151 1214; x_wconf 81' lang='grc' dir='ltr'><strong><em>πρὸς</em></strong></span> 
     </span>
     <span class='ocr_line' id='line_1_10' title="bbox 137 1231 1150 1322; baseline -0.002 -22"><span class='ocrx_word' id='word_1_59' title='bbox 137 1235 244 1320; x_wconf 79' lang='grc' dir='ltr'><strong><em>ὀρθάς</em></strong></span> <span class='ocrx_word' id='word_1_60' title='bbox 275 1245 321 1322; x_wconf 79' lang='grc' dir='ltr'><strong><em>τῷ</em></strong></span> <span class='ocrx_word' id='word_1_61' title='bbox 349 1236 458 1322; x_wconf 90' lang='grc' dir='ltr'><strong><em>κύκλῳ</em></strong></span> <span class='ocrx_word' id='word_1_62' title='bbox 487 1235 603 1300; x_wconf 80' lang='grc' dir='ltr'><strong><em>εὐθεῖα</em></strong></span> <span class='ocrx_word' id='word_1_63' title='bbox 631 1235 707 1317; x_wconf 81' lang='grc' dir='ltr'><strong><em>ἡΔ</em></strong></span> <span class='ocrx_word' id='word_1_64' title='bbox 714 1239 741 1299; x_wconf 96' lang='grc' dir='ltr'>Ζ</span> <span class='ocrx_word' id='word_1_65' title='bbox 775 1242 830 1318; x_wconf 85' lang='grc' dir='ltr'><strong><em>ίση</em></strong></span> <span class='ocrx_word' id='word_1_66' title='bbox 858 1231 942 1301; x_wconf 83' lang='grc' dir='ltr'><strong><em>οὖσα</em></strong></span> <span class='ocrx_word' id='word_1_67' title='bbox 968 1244 1007 1321; x_wconf 75' lang='grc' dir='ltr'><strong><em>τῇ</em></strong></span> <span class='ocrx_word' id='word_1_68' title='bbox 1032 1234 1068 1300; x_wconf 79' lang='grc' dir='ltr'><strong><em>ἐκ</em></strong></span> <span class='ocrx_word' id='word_1_69' title='bbox 1090 1243 1150 1298; x_wconf 83' lang='grc' dir='ltr'><strong><em>τοῦ</em></strong></span> 
     </span>
    </p>

    <p class='ocr_par' dir='ltr' id='par_1_6' title="bbox 84 1338 1151 1855">
     <span class='ocr_line' id='line_1_11' title="bbox 84 1338 1151 1428; baseline 0 -23"><span class='ocrx_word' id='word_1_70' title='bbox 84 1353 117 1402; x_wconf 88' lang='grc'><strong><em>10</em></strong></span> <span class='ocrx_word' id='word_1_71' title='bbox 136 1340 291 1428; x_wconf 90' lang='grc' dir='ltr'><strong><em>κέντρου,</em></strong></span> <span class='ocrx_word' id='word_1_72' title='bbox 319 1340 408 1426; x_wconf 81' lang='grc' dir='ltr'><strong><em>ὄμμα</em></strong></span> <span class='ocrx_word' id='word_1_73' title='bbox 432 1338 468 1406; x_wconf 75' lang='grc' dir='ltr'><strong><em>δὲ</em></strong></span> <span class='ocrx_word' id='word_1_74' title='bbox 492 1345 574 1406; x_wconf 80' lang='grc' dir='ltr'><strong><em>ἔστω</em></strong></span> <span class='ocrx_word' id='word_1_75' title='bbox 597 1343 634 1406; x_wconf 90' lang='grc' dir='ltr'><strong><em>τὸ</em></strong></span> <span class='ocrx_word' id='word_1_76' title='bbox 658 1347 696 1406; x_wconf 99' lang='grc' dir='ltr'><strong><em>Ε.</em></strong></span> <span class='ocrx_word' id='word_1_77' title='bbox 742 1340 842 1425; x_wconf 83' lang='grc' dir='ltr'><strong><em>λέγω,</em></strong></span> <span class='ocrx_word' id='word_1_78' title='bbox 866 1343 915 1407; x_wconf 84' lang='grc' dir='ltr'><strong><em>ὅτι</em></strong></span> <span class='ocrx_word' id='word_1_79' title='bbox 939 1341 958 1424; x_wconf 80' lang='grc' dir='ltr'><em>ἡ</em></span> <span class='ocrx_word' id='word_1_80' title='bbox 982 1345 1065 1424; x_wconf 92' lang='grc' dir='ltr'><strong><em>ΔΖ,</em></strong></span> <span class='ocrx_word' id='word_1_81' title='bbox 1094 1340 1151 1405; x_wconf 83' lang='grc' dir='ltr'><strong><em>ἐὰν</em></strong></span> 
     </span>
     <span class='ocr_line' id='line_1_12' title="bbox 137 1443 1150 1533; baseline -0.002 -20"><span class='ocrx_word' id='word_1_82' title='bbox 137 1447 189 1514; x_wconf 79' lang='grc' dir='ltr'><strong><em>ἐπὶ</em></strong></span> <span class='ocrx_word' id='word_1_83' title='bbox 212 1458 270 1533; x_wconf 75' lang='grc' dir='ltr'><strong><em>τῆς</em></strong></span> <span class='ocrx_word' id='word_1_84' title='bbox 292 1457 352 1513; x_wconf 90' lang='grc' dir='ltr'><strong><em>τοῦ</em></strong></span> <span class='ocrx_word' id='word_1_85' title='bbox 375 1449 499 1513; x_wconf 92' lang='grc' dir='ltr'><strong><em>κύκλου</em></strong></span> <span class='ocrx_word' id='word_1_86' title='bbox 522 1451 732 1533; x_wconf 79' lang='grc' dir='ltr'><strong><em>περιφερείας</em></strong></span> <span class='ocrx_word' id='word_1_87' title='bbox 754 1452 964 1533; x_wconf 89' lang='grc' dir='ltr'><strong><em>μεθίστηται,</em></strong></span> <span class='ocrx_word' id='word_1_88' title='bbox 992 1443 1071 1512; x_wconf 74' lang='grc' dir='ltr'><strong><em>ποτὲ</em></strong></span> <span class='ocrx_word' id='word_1_89' title='bbox 1097 1453 1150 1530; x_wconf 75' lang='grc' dir='ltr'><strong><em>ἴση</em></strong></span> 
     </span>
     <span class='ocr_line' id='line_1_13' title="bbox 137 1551 1151 1640; baseline -0.003 -20"><span class='ocrx_word' id='word_1_90' title='bbox 137 1557 330 1640; x_wconf 81' lang='grc' dir='ltr'><strong><em>φανήσεται,</em></strong></span> <span class='ocrx_word' id='word_1_91' title='bbox 351 1552 431 1620; x_wconf 70' lang='grc' dir='ltr'><strong><em>ποτέ</em></strong></span> <span class='ocrx_word' id='word_1_92' title='bbox 453 1558 581 1640; x_wconf 80' lang='grc' dir='ltr'><strong><em>μείζων,</em></strong></span> <span class='ocrx_word' id='word_1_93' title='bbox 605 1551 683 1619; x_wconf 69' lang='grc' dir='ltr'><strong><em>ποτέ</em></strong></span> <span class='ocrx_word' id='word_1_94' title='bbox 707 1554 864 1619; x_wconf 82' lang='grc' dir='ltr'><strong><em>ἐλάσσων.</em></strong></span> <span class='ocrx_word' id='word_1_95' title='bbox 911 1556 1005 1638; x_wconf 75' lang='grc' dir='ltr'><strong><em>ἤχθω</em></strong></span> <span class='ocrx_word' id='word_1_96' title='bbox 1030 1555 1071 1638; x_wconf 75' lang='grc' dir='ltr'><strong><em>δὴ</em></strong></span> <span class='ocrx_word' id='word_1_97' title='bbox 1097 1554 1151 1618; x_wconf 79' lang='grc' dir='ltr'><strong><em>διὰ</em></strong></span> 
     </span>
     <span class='ocr_line' id='line_1_14' title="bbox 138 1657 1151 1747; baseline -0.003 -20"><span class='ocrx_word' id='word_1_98' title='bbox 138 1671 197 1727; x_wconf 88' lang='grc' dir='ltr'><strong><em>τοῦ</em></strong></span> <span class='ocrx_word' id='word_1_99' title='bbox 216 1668 256 1745; x_wconf 92' lang='grc' dir='ltr'><strong><em>Ε,</em></strong></span> <span class='ocrx_word' id='word_1_100' title='bbox 280 1663 298 1726; x_wconf 85' lang='grc' dir='ltr'>ὅ</span> <span class='ocrx_word' id='word_1_101' title='bbox 322 1661 391 1726; x_wconf 87' lang='grc' dir='ltr'><strong><em>ἐστι</em></strong></span> <span class='ocrx_word' id='word_1_102' title='bbox 413 1660 561 1747; x_wconf 82' lang='grc' dir='ltr'><strong><em>κέντρον,</em></strong></span> <span class='ocrx_word' id='word_1_103' title='bbox 585 1671 624 1747; x_wconf 78' lang='grc' dir='ltr'><strong><em>τη</em></strong></span> <span class='ocrx_word' id='word_1_104' title='bbox 643 1668 677 1726; x_wconf 86' lang='grc' dir='ltr'><em>Δ</em></span> <span class='ocrx_word' id='word_1_105' title='bbox 684 1665 711 1725; x_wconf 96' lang='grc' dir='ltr'>Ζ</span> <span class='ocrx_word' id='word_1_106' title='bbox 733 1660 980 1746; x_wconf 78' lang='grc' dir='ltr'><strong><em>παράλληλοςὴ</em></strong></span> <span class='ocrx_word' id='word_1_107' title='bbox 1001 1663 1073 1743; x_wconf 98' lang='grc' dir='ltr'><strong><em>ΓΕ,</em></strong></span> <span class='ocrx_word' id='word_1_108' title='bbox 1097 1657 1151 1724; x_wconf 82' lang='grc' dir='ltr'><strong><em>καὶ</em></strong></span> 
     </span>
     <span class='ocr_line' id='line_1_15' title="bbox 137 1766 1150 1855; baseline -0.003 -21"><span class='ocrx_word' id='word_1_109' title='bbox 137 1772 219 1834; x_wconf 80' lang='grc' dir='ltr'><strong><em>ἔστω</em></strong></span> <span class='ocrx_word' id='word_1_110' title='bbox 245 1775 298 1852; x_wconf 76' lang='grc' dir='ltr'><strong><em>ἴση</em></strong></span> <span class='ocrx_word' id='word_1_111' title='bbox 321 1779 361 1855; x_wconf 78' lang='grc' dir='ltr'><strong><em>τῇ</em></strong></span> <span class='ocrx_word' id='word_1_112' title='bbox 380 1773 446 1833; x_wconf 84' lang='grc' dir='ltr'><strong><em>ΛΖ</em></strong></span> <span class='ocrx_word' id='word_1_113' title='bbox 470 1768 489 1851; x_wconf 79' lang='grc' dir='ltr'><em>ἡ</em></span> <span class='ocrx_word' id='word_1_114' title='bbox 509 1772 580 1833; x_wconf 92' lang='grc' dir='ltr'><strong><em>ΕΓ.</em></strong></span> <span class='ocrx_word' id='word_1_115' title='bbox 613 1766 668 1832; x_wconf 81' lang='grc' dir='ltr'><strong><em>καὶ</em></strong></span> <span class='ocrx_word' id='word_1_116' title='bbox 686 1769 781 1852; x_wconf 76' lang='grc' dir='ltr'><strong><em>ἤχθω</em></strong></span> <span class='ocrx_word' id='word_1_117' title='bbox 801 1767 943 1832; x_wconf 85' lang='grc' dir='ltr'><strong><em>ἀπὸτοῦ</em></strong></span> <span class='ocrx_word' id='word_1_118' title='bbox 964 1771 996 1832; x_wconf 89' lang='grc' dir='ltr'>Γ</span> <span class='ocrx_word' id='word_1_119' title='bbox 1014 1770 1150 1851; x_wconf 84' lang='grc' dir='ltr'><strong><em>σημείου</em></strong></span> 
     </span>
    </p>

    <p class='ocr_par' dir='ltr' id='par_1_7' title="bbox 86 1871 1151 2393">
     <span class='ocr_line' id='line_1_16' title="bbox 86 1871 1150 1959; baseline -0.004 -18"><span class='ocrx_word' id='word_1_120' title='bbox 86 1886 119 1934; x_wconf 79' lang='lat'><strong><em>15</em></strong></span> <span class='ocrx_word' id='word_1_121' title='bbox 139 1874 191 1941; x_wconf 78' lang='grc' dir='ltr'><strong><em>ἐπὶ</em></strong></span> <span class='ocrx_word' id='word_1_122' title='bbox 214 1877 251 1940; x_wconf 92' lang='grc' dir='ltr'><strong><em>τὸ</em></strong></span> <span class='ocrx_word' id='word_1_123' title='bbox 274 1875 491 1959; x_wconf 84' lang='grc' dir='ltr'><strong><em>ὑποκείμενον</em></strong></span> <span class='ocrx_word' id='word_1_124' title='bbox 515 1875 670 1941; x_wconf 78' lang='grc' dir='ltr'><strong><em>ἐπίπεδον</em></strong></span> <span class='ocrx_word' id='word_1_125' title='bbox 692 1874 834 1952; x_wconf 81' lang='grc' dir='ltr'><strong><em>κάθετος</em></strong></span> <span class='ocrx_word' id='word_1_126' title='bbox 856 1874 876 1958; x_wconf 80' lang='grc' dir='ltr'><em>ἡ</em></span> <span class='ocrx_word' id='word_1_127' title='bbox 900 1878 973 1939; x_wconf 92' lang='grc' dir='ltr'><strong><em>ΓΗ</em></strong></span> <span class='ocrx_word' id='word_1_128' title='bbox 990 1871 1047 1938; x_wconf 82' lang='grc' dir='ltr'><strong><em>καὶ</em></strong></span> <span class='ocrx_word' id='word_1_129' title='bbox 1070 1891 1150 1957; x_wconf 91' lang='grc' dir='ltr'><strong><em>συμ-</em></strong></span> 
     </span>
     <span class='ocr_line' id='line_1_17' title="bbox 137 1978 1150 2069; baseline -0.002 -23"><span class='ocrx_word' id='word_1_130' title='bbox 137 1980 283 2067; x_wconf 82' lang='grc' dir='ltr'><strong><em>βαλλέτω</em></strong></span> <span class='ocrx_word' id='word_1_131' title='bbox 311 1992 356 2069; x_wconf 81' lang='grc' dir='ltr'><strong><em>τῳ</em></strong></span> <span class='ocrx_word' id='word_1_132' title='bbox 385 1981 528 2069; x_wconf 76' lang='grc' dir='ltr'><strong><em>ἐπιπέδῳ</em></strong></span> <span class='ocrx_word' id='word_1_133' title='bbox 556 1984 638 2046; x_wconf 83' lang='grc' dir='ltr'><strong><em>κατὰ</em></strong></span> <span class='ocrx_word' id='word_1_134' title='bbox 665 1982 702 2046; x_wconf 86' lang='grc' dir='ltr'><strong><em>τὸ</em></strong></span> <span class='ocrx_word' id='word_1_135' title='bbox 731 1986 771 2046; x_wconf 92' lang='grc' dir='ltr'><em>Η</em></span> <span class='ocrx_word' id='word_1_136' title='bbox 798 1993 942 2065; x_wconf 85' lang='grc' dir='ltr'><strong><em>σημείου.</em></strong></span> <span class='ocrx_word' id='word_1_137' title='bbox 997 1978 1053 2045; x_wconf 82' lang='grc' dir='ltr'><strong><em>καὶ</em></strong></span> <span class='ocrx_word' id='word_1_138' title='bbox 1084 1980 1150 2045; x_wconf 86' lang='grc' dir='ltr'><strong><em>ἐπι-</em></strong></span> 
     </span>
     <span class='ocr_line' id='line_1_18' title="bbox 140 2086 1150 2172; baseline -0.003 -19"><span class='ocrx_word' id='word_1_139' title='bbox 140 2093 312 2172; x_wconf 78' lang='grc' dir='ltr'><strong><em>ζευχθεῖσα</em></strong></span> <span class='ocrx_word' id='word_1_140' title='bbox 331 2089 350 2172; x_wconf 79' lang='grc' dir='ltr'><em>ἡ</em></span> <span class='ocrx_word' id='word_1_141' title='bbox 370 2092 443 2152; x_wconf 89' lang='grc' dir='ltr'><strong><em>ΕΗ</em></strong></span> <span class='ocrx_word' id='word_1_142' title='bbox 462 2088 672 2172; x_wconf 79' lang='grc' dir='ltr'><strong><em>ἐκβεβλήσθω</em></strong></span> <span class='ocrx_word' id='word_1_143' title='bbox 696 2086 751 2152; x_wconf 82' lang='grc' dir='ltr'><strong><em>καὶ</em></strong></span> <span class='ocrx_word' id='word_1_144' title='bbox 770 2086 983 2172; x_wconf 86' lang='grc' dir='ltr'><strong><em>συμβαλλέτω</em></strong></span> <span class='ocrx_word' id='word_1_145' title='bbox 1002 2096 1043 2172; x_wconf 78' lang='grc' dir='ltr'><strong><em>τῇ</em></strong></span> <span class='ocrx_word' id='word_1_146' title='bbox 1062 2108 1150 2172; x_wconf 91' lang='grc' dir='ltr'><strong><em>περι-</em></strong></span> 
     </span>
     <span class='ocr_line' id='line_1_19' title="bbox 139 2193 1151 2281; baseline -0.002 -22"><span class='ocrx_word' id='word_1_147' title='bbox 139 2197 255 2281; x_wconf 80' lang='grc' dir='ltr'><strong><em>φερείᾳ</em></strong></span> <span class='ocrx_word' id='word_1_148' title='bbox 277 2196 359 2259; x_wconf 81' lang='grc' dir='ltr'><strong><em>κατὰ</em></strong></span> <span class='ocrx_word' id='word_1_149' title='bbox 381 2196 418 2259; x_wconf 89' lang='grc' dir='ltr'><strong><em>τὸ</em></strong></span> <span class='ocrx_word' id='word_1_150' title='bbox 442 2201 475 2258; x_wconf 90' lang='grc' dir='ltr'><em>Α</em></span> <span class='ocrx_word' id='word_1_151' title='bbox 498 2207 647 2278; x_wconf 83' lang='grc' dir='ltr'><strong><em>σημεῖον,</em></strong></span> <span class='ocrx_word' id='word_1_152' title='bbox 679 2193 734 2260; x_wconf 81' lang='grc' dir='ltr'><strong><em>καὶ</em></strong></span> <span class='ocrx_word' id='word_1_153' title='bbox 762 2196 856 2278; x_wconf 74' lang='grc' dir='ltr'><strong><em>βχθω</em></strong></span> <span class='ocrx_word' id='word_1_154' title='bbox 885 2195 942 2258; x_wconf 76' lang='grc' dir='ltr'><strong><em>διὰ</em></strong></span> <span class='ocrx_word' id='word_1_155' title='bbox 968 2202 1029 2258; x_wconf 85' lang='grc' dir='ltr'><strong><em>τοῦ</em></strong></span> <span class='ocrx_word' id='word_1_156' title='bbox 1052 2199 1087 2257; x_wconf 85' lang='grc' dir='ltr'><em>Α</em></span> <span class='ocrx_word' id='word_1_157' title='bbox 1114 2201 1151 2278; x_wconf 71' lang='grc' dir='ltr'><strong><em>τῇ</em></strong></span> 
     </span>
     <span class='ocr_line' id='line_1_20' title="bbox 139 2300 1151 2393; baseline -0.004 -28"><span class='ocrx_word' id='word_1_158' title='bbox 139 2304 204 2365; x_wconf 93' lang='grc' dir='ltr'><strong><em>ΓΕ</em></strong></span> <span class='ocrx_word' id='word_1_159' title='bbox 224 2302 433 2387; x_wconf 79' lang='grc' dir='ltr'><strong><em>παράλληλος</em></strong></span> <span class='ocrx_word' id='word_1_160' title='bbox 454 2300 475 2384; x_wconf 79' lang='grc' dir='ltr'><strong><em>η</em></strong></span> <span class='ocrx_word' id='word_1_161' title='bbox 498 2306 579 2385; x_wconf 89' lang='grc' dir='ltr'><strong><em>ΑΒ,</em></strong></span> <span class='ocrx_word' id='word_1_162' title='bbox 607 2300 661 2366; x_wconf 81' lang='grc' dir='ltr'><strong><em>καὶ</em></strong></span> <span class='ocrx_word' id='word_1_163' title='bbox 689 2304 771 2366; x_wconf 77' lang='grc' dir='ltr'><strong><em>ἔστω</em></strong></span> <span class='ocrx_word' id='word_1_164' title='bbox 796 2301 815 2384; x_wconf 78' lang='grc' dir='ltr'><em>ἡ</em></span> <span class='ocrx_word' id='word_1_165' title='bbox 840 2305 906 2365; x_wconf 91' lang='grc' dir='ltr'><strong><em>ΑΒ</em></strong></span> <span class='ocrx_word' id='word_1_166' title='bbox 933 2309 972 2385; x_wconf 76' lang='grc' dir='ltr'><strong><em>τῇ</em></strong></span> <span class='ocrx_word' id='word_1_167' title='bbox 995 2302 1062 2363; x_wconf 92' lang='grc' dir='ltr'><strong><em>ΔΖ</em></strong></span> <span class='ocrx_word' id='word_1_168' title='bbox 1086 2303 1151 2393; x_wconf 62' lang='lat'>,4⁶4-</span> 
     </span>
    </p>

    <p class='ocr_par' dir='ltr' id='par_1_8' title="bbox 86 2405 1150 2493">
     <span class='ocr_line' id='line_1_21' title="bbox 86 2405 1150 2493; baseline -0.004 -21"><span class='ocrx_word' id='word_1_169' title='bbox 86 2418 120 2466; x_wconf 88' lang='grc'><strong><em>20</em></strong></span> <span class='ocrx_word' id='word_1_170' title='bbox 139 2405 233 2491; x_wconf 83' lang='grc' dir='ltr'><strong><em>λέγω,</em></strong></span> <span class='ocrx_word' id='word_1_171' title='bbox 257 2409 307 2474; x_wconf 81' lang='grc' dir='ltr'><strong><em>ὅτι</em></strong></span> <span class='ocrx_word' id='word_1_172' title='bbox 326 2409 346 2493; x_wconf 82' lang='grc' dir='ltr'><strong><em>η</em></strong></span> <span class='ocrx_word' id='word_1_173' title='bbox 365 2412 431 2472; x_wconf 90' lang='grc' dir='ltr'><strong><em>ΑΒ</em></strong></span> <span class='ocrx_word' id='word_1_174' title='bbox 453 2419 570 2473; x_wconf 86' lang='grc' dir='ltr'><strong><em>πασῶν</em></strong></span> <span class='ocrx_word' id='word_1_175' title='bbox 592 2419 660 2472; x_wconf 86' lang='grc' dir='ltr'><strong><em>τῶν</em></strong></span> <span class='ocrx_word' id='word_1_176' title='bbox 684 2406 736 2472; x_wconf 83' lang='grc' dir='ltr'><strong><em>ἐπὶ</em></strong></span> <span class='ocrx_word' id='word_1_177' title='bbox 755 2416 813 2491; x_wconf 78' lang='grc' dir='ltr'><strong><em>τῆς</em></strong></span> <span class='ocrx_word' id='word_1_178' title='bbox 835 2415 894 2471; x_wconf 87' lang='grc' dir='ltr'><strong><em>τοῦ</em></strong></span> <span class='ocrx_word' id='word_1_179' title='bbox 913 2407 1039 2471; x_wconf 92' lang='grc' dir='ltr'><strong><em>κύκλον</em></strong></span> <span class='ocrx_word' id='word_1_180' title='bbox 1061 2426 1150 2489; x_wconf 87' lang='grc' dir='ltr'><strong><em>περι-</em></strong></span> 
     </span>
    </p>

    <p class='ocr_par' dir='ltr' id='par_1_9' title="bbox 65 2512 1152 2920">
     <span class='ocr_line' id='line_1_22' title="bbox 65 2512 1150 2600; baseline -0.006 -20"><span class='ocrx_word' id='word_1_181' title='bbox 65 2540 67 2544; x_wconf 60' lang='grc'><strong>“</strong></span> <span class='ocrx_word' id='word_1_182' title='bbox 139 2519 272 2600; x_wconf 85' lang='grc' dir='ltr'><strong><em>φερείας</em></strong></span> <span class='ocrx_word' id='word_1_183' title='bbox 307 2513 557 2599; x_wconf 87' lang='grc' dir='ltr'><strong><em>μεθισταμένων</em></strong></span> <span class='ocrx_word' id='word_1_184' title='bbox 594 2514 738 2579; x_wconf 84' lang='grc' dir='ltr'><strong><em>εὐθειῶν</em></strong></span> <span class='ocrx_word' id='word_1_185' title='bbox 775 2513 923 2578; x_wconf 76' lang='grc' dir='ltr'><strong><em>ἐλάσσων</em></strong></span> <span class='ocrx_word' id='word_1_186' title='bbox 960 2512 1150 2596; x_wconf 81' lang='grc' dir='ltr'><strong><em>φανήσεται.</em></strong></span> 
     </span>
     <span class='ocr_line' id='line_1_23' title="bbox 140 2621 1151 2707; baseline -0.006 -20"><span class='ocrx_word' id='word_1_187' title='bbox 140 2622 387 2706; x_wconf 81' lang='grc' dir='ltr'><strong><em>ἐπεζεύχθωσαν</em></strong></span> <span class='ocrx_word' id='word_1_188' title='bbox 410 2623 473 2707; x_wconf 74' lang='grc' dir='ltr'><strong><em>γάρ</em></strong></span> <span class='ocrx_word' id='word_1_189' title='bbox 497 2621 625 2686; x_wconf 85' lang='grc' dir='ltr'><strong><em>εὐθεῖαι</em></strong></span> <span class='ocrx_word' id='word_1_190' title='bbox 649 2622 685 2685; x_wconf 67' lang='grc' dir='ltr'><strong><em>αι’</em></strong></span> <span class='ocrx_word' id='word_1_191' title='bbox 705 2625 779 2703; x_wconf 87' lang='grc' dir='ltr'><strong><em>ΕΛ,</em></strong></span> <span class='ocrx_word' id='word_1_192' title='bbox 800 2623 874 2703; x_wconf 91' lang='grc' dir='ltr'><strong><em>ΓΖ,</em></strong></span> <span class='ocrx_word' id='word_1_193' title='bbox 894 2623 966 2702; x_wconf 89' lang='grc' dir='ltr'><strong><em>ΓΒ,</em></strong></span> <span class='ocrx_word' id='word_1_194' title='bbox 985 2622 1060 2701; x_wconf 92' lang='grc' dir='ltr'><strong><em>ΕΒ,</em></strong></span> <span class='ocrx_word' id='word_1_195' title='bbox 1083 2621 1151 2682; x_wconf 90' lang='grc' dir='ltr'><strong><em>ΖΕ.</em></strong></span> 
     </span>
     <span class='ocr_line' id='line_1_24' title="bbox 140 2720 1152 2813; baseline -0.005 -20"><span class='ocrx_word' id='word_1_196' title='bbox 140 2728 209 2795; x_wconf 83' lang='grc' dir='ltr'><strong><em>ἐπεὶ</em></strong></span> <span class='ocrx_word' id='word_1_197' title='bbox 232 2725 294 2795; x_wconf 83' lang='grc' dir='ltr'><strong><em>οὖν</em></strong></span> <span class='ocrx_word' id='word_1_198' title='bbox 316 2728 336 2811; x_wconf 80' lang='grc' dir='ltr'><em>ἡ</em></span> <span class='ocrx_word' id='word_1_199' title='bbox 361 2733 424 2793; x_wconf 89' lang='grc' dir='ltr'><strong><em>ΓΕ</em></strong></span> <span class='ocrx_word' id='word_1_200' title='bbox 444 2737 484 2813; x_wconf 77' lang='grc' dir='ltr'><strong><em>τῇ</em></strong></span> <span class='ocrx_word' id='word_1_201' title='bbox 507 2732 573 2792; x_wconf 89' lang='grc' dir='ltr'><strong><em>ΑΒ</em></strong></span> <span class='ocrx_word' id='word_1_202' title='bbox 596 2727 805 2813; x_wconf 84' lang='grc' dir='ltr'><strong><em>παράλληλός</em></strong></span> <span class='ocrx_word' id='word_1_203' title='bbox 829 2725 897 2791; x_wconf 82' lang='grc' dir='ltr'><strong><em>ἐστι</em></strong></span> <span class='ocrx_word' id='word_1_204' title='bbox 920 2723 975 2789; x_wconf 78' lang='grc' dir='ltr'><strong><em>καὶ</em></strong></span> <span class='ocrx_word' id='word_1_205' title='bbox 1000 2731 1069 2807; x_wconf 84' lang='grc' dir='ltr'><strong><em>ίση,</em></strong></span> <span class='ocrx_word' id='word_1_206' title='bbox 1099 2720 1152 2789; x_wconf 83' lang='grc' dir='ltr'><strong><em>καὶ</em></strong></span> 
     </span>
     <span class='ocr_line' id='line_1_25' title="bbox 140 2831 1152 2920; baseline -0.004 -20"><span class='ocrx_word' id='word_1_207' title='bbox 140 2835 241 2918; x_wconf 80' lang='grc' dir='ltr'><strong><em>ἡΕΑ</em></strong></span> <span class='ocrx_word' id='word_1_208' title='bbox 264 2837 328 2920; x_wconf 77' lang='grc' dir='ltr'><strong><em>ἄρα</em></strong></span> <span class='ocrx_word' id='word_1_209' title='bbox 350 2844 390 2920; x_wconf 77' lang='grc' dir='ltr'><strong><em>τῇ</em></strong></span> <span class='ocrx_word' id='word_1_210' title='bbox 409 2838 470 2899; x_wconf 88' lang='grc' dir='ltr'><strong><em>ΓΒ</em></strong></span> <span class='ocrx_word' id='word_1_211' title='bbox 495 2841 548 2917; x_wconf 84' lang='grc' dir='ltr'><strong><em>ίση</em></strong></span> <span class='ocrx_word' id='word_1_212' title='bbox 572 2857 606 2899; x_wconf 91' lang='grc' dir='ltr'><strong><em>τε</em></strong></span> <span class='ocrx_word' id='word_1_213' title='bbox 629 2832 684 2899; x_wconf 79' lang='grc' dir='ltr'><strong><em>καὶ</em></strong></span> <span class='ocrx_word' id='word_1_214' title='bbox 707 2833 916 2919; x_wconf 79' lang='grc' dir='ltr'><strong><em>παράλληλός</em></strong></span> <span class='ocrx_word' id='word_1_215' title='bbox 934 2831 1034 2896; x_wconf 86' lang='grc' dir='ltr'><strong><em>ἐστιν.</em></strong></span> <span class='ocrx_word' id='word_1_216' title='bbox 1072 2852 1152 2917; x_wconf 86' lang='grc' dir='ltr'><strong><em>παρ·</em></strong></span> 
     </span>
    </p>
   </div>
   <div class='ocr_carea' id='block_1_3' title="bbox 140 3091 1157 3596">
    <p class='ocr_par' dir='ltr' id='par_1_10' title="bbox 140 3091 1156 3596">
     <span class='ocr_line' id='line_1_26' title="bbox 212 3091 1152 3186; baseline -0.004 -35"><span class='ocrx_word' id='word_1_217' title='bbox 212 3104 235 3154; x_wconf 91' lang='grc'><strong><em>1.</em></strong></span> <span class='ocrx_word' id='word_1_218' title='bbox 256 3098 299 3170; x_wconf 82' lang='grc' dir='ltr'><strong><em>μ’]</em></strong></span> <span class='ocrx_word' id='word_1_219' title='bbox 320 3115 372 3152; x_wconf 91' lang='lat' dir='ltr'><strong><em>om</em></strong></span> <span class='ocrx_word' id='word_1_220' title='bbox 392 3117 418 3186; x_wconf 78' lang='grc' dir='ltr'><strong><em>ν,</em></strong></span> <span class='ocrx_word' id='word_1_221' title='bbox 438 3097 492 3166; x_wconf 86' lang='grc' dir='ltr'><strong><em>μθ’</em></strong></span> <span class='ocrx_word' id='word_1_222' title='bbox 507 3097 595 3166; x_wconf 66' lang='lat' dir='ltr'><strong><em>V,{</em></strong></span> <span class='ocrx_word' id='word_1_223' title='bbox 560 3100 595 3166; x_wconf 84' lang='grc' dir='ltr'><strong><em>μζ</em></strong></span> <span class='ocrx_word' id='word_1_224' title='bbox 598 3098 656 3152; x_wconf 88' lang='lat' dir='ltr'><strong><em>&#39;.m</em></strong></span> <span class='ocrx_word' id='word_1_225' title='bbox 675 3098 773 3151; x_wconf 69' lang='grc' dir='ltr'><strong><em>Πολ.</em></strong></span> <span class='ocrx_word' id='word_1_226' title='bbox 848 3102 871 3150; x_wconf 90' lang='lat'><strong><em>3.</em></strong></span> <span class='ocrx_word' id='word_1_227' title='bbox 891 3091 1061 3164; x_wconf 87' lang='grc' dir='ltr'><strong><em>μεθίσταται</em></strong></span> <span class='ocrx_word' id='word_1_228' title='bbox 1080 3094 1152 3160; x_wconf 68' lang='lat' dir='ltr'><strong><em>vat„</em></strong></span> 
     </span>
     <span class='ocr_line' id='line_1_27' title="bbox 141 3142 1151 3240; baseline -0.004 -18"><span class='ocrx_word' id='word_1_229' title='bbox 141 3186 209 3225; x_wconf 83' lang='lat' dir='ltr'>corr.</span> <span class='ocrx_word' id='word_1_230' title='bbox 230 3189 265 3224; x_wconf 92' lang='lat' dir='ltr'><strong>m</strong></span> <span class='ocrx_word' id='word_1_231' title='bbox 287 3176 310 3224; x_wconf 92' lang='grc'><strong>2</strong></span> <span class='ocrx_word' id='word_1_232' title='bbox 383 3142 430 3240; x_wconf 77' lang='grc' dir='ltr'><strong><em>δε]</em></strong></span> <span class='ocrx_word' id='word_1_233' title='bbox 450 3142 631 3237; x_wconf 46' lang='lat' dir='ltr'><strong><em>«navat</em></strong></span> <span class='ocrx_word' id='word_1_234' title='bbox 713 3166 1151 3238; x_wconf 72' lang='grc' dir='ltr'><strong><em>7.ΑΔ]ἰιιλεεΑολΔεε.ε.1</em></strong></span> 
     </span>
     <span class='ocr_line' id='line_1_28' title="bbox 141 3231 1154 3311; baseline -0.004 -18"><span class='ocrx_word' id='word_1_235' title='bbox 141 3240 196 3296; x_wconf 78' lang='lat' dir='ltr'>litt.</span> <span class='ocrx_word' id='word_1_236' title='bbox 177 3245 251 3296; x_wconf 78' lang='lat' dir='ltr'><strong><em>t.m</em></strong></span> <span class='ocrx_word' id='word_1_237' title='bbox 344 3247 384 3295; x_wconf 92' lang='lat'><strong><em>11.</em></strong></span> <span class='ocrx_word' id='word_1_238' title='bbox 405 3259 471 3294; x_wconf 87' lang='grc' dir='ltr'><strong><em>ποτε</em></strong></span> <span class='ocrx_word' id='word_1_239' title='bbox 491 3237 542 3309; x_wconf 82' lang='grc' dir='ltr'><strong><em>μέν</em></strong></span> <span class='ocrx_word' id='word_1_240' title='bbox 560 3258 595 3294; x_wconf 91' lang='lat' dir='ltr'><strong><em>m.</em></strong></span> <span class='ocrx_word' id='word_1_241' title='bbox 683 3239 710 3293; x_wconf 87' lang='grc' dir='ltr'><strong><em>ίσ</em></strong></span> <span class='ocrx_word' id='word_1_242' title='bbox 711 3241 739 3311; x_wconf 90' lang='grc' dir='ltr'><strong><em>η]</em></strong></span> <span class='ocrx_word' id='word_1_243' title='bbox 760 3238 879 3293; x_wconf 63' lang='grc' dir='ltr'><strong><em>ίσωνλί.</em></strong></span> <span class='ocrx_word' id='word_1_244' title='bbox 973 3242 1015 3291; x_wconf 92' lang='grc'><strong><em>12.</em></strong></span> <span class='ocrx_word' id='word_1_245' title='bbox 1035 3233 1106 3291; x_wconf 73' lang='grc' dir='ltr'><strong><em>ποτὲ</em></strong></span> <span class='ocrx_word' id='word_1_246' title='bbox 1124 3231 1154 3290; x_wconf 78' lang='grc' dir='ltr'><strong><em>δέ</em></strong></span> 
     </span>
     <span class='ocr_line' id='line_1_29' title="bbox 141 3307 1157 3384; baseline 0 -19"><span class='ocrx_word' id='word_1_247' title='bbox 141 3312 185 3366; x_wconf 88' lang='lat' dir='ltr'><strong><em>bis</em></strong></span> <span class='ocrx_word' id='word_1_248' title='bbox 204 3331 239 3366; x_wconf 91' lang='lat' dir='ltr'><strong><em>m.</em></strong></span> <span class='ocrx_word' id='word_1_249' title='bbox 314 3318 355 3366; x_wconf 93' lang='lat'><strong><em>13.</em></strong></span> <span class='ocrx_word' id='word_1_250' title='bbox 375 3309 479 3384; x_wconf 83' lang='grc' dir='ltr'><strong><em>κέντρῳ</em></strong></span> <span class='ocrx_word' id='word_1_251' title='bbox 498 3330 523 3366; x_wconf 84' lang='lat' dir='ltr'><strong><em>v.</em></strong></span> <span class='ocrx_word' id='word_1_252' title='bbox 603 3316 643 3365; x_wconf 88' lang='grc'><strong><em>14</em></strong></span> <span class='ocrx_word' id='word_1_253' title='bbox 665 3313 736 3382; x_wconf 86' lang='grc' dir='ltr'><strong><em>ΕΓ]</em></strong></span> <span class='ocrx_word' id='word_1_254' title='bbox 761 3313 813 3364; x_wconf 90' lang='grc' dir='ltr'><strong><em>ΓΕ</em></strong></span> <span class='ocrx_word' id='word_1_255' title='bbox 831 3328 866 3364; x_wconf 92' lang='lat' dir='ltr'><strong><em>m.</em></strong></span> <span class='ocrx_word' id='word_1_256' title='bbox 950 3313 992 3362; x_wconf 84' lang='lat'><strong><em>19.</em></strong></span> <span class='ocrx_word' id='word_1_257' title='bbox 1012 3308 1082 3380; x_wconf 87' lang='grc' dir='ltr'><strong><em>ΔΖ]</em></strong></span> <span class='ocrx_word' id='word_1_258' title='bbox 1102 3307 1157 3366; x_wconf 74' lang='grc' dir='ltr'><strong><em>ΔΞ</em></strong></span> 
     </span>
     <span class='ocr_line' id='line_1_30' title="bbox 140 3367 1156 3451; baseline -0.006 -13"><span class='ocrx_word' id='word_1_259' title='bbox 140 3383 205 3438; x_wconf 79' lang='lat' dir='ltr'><strong><em>vat</em></strong></span> <span class='ocrx_word' id='word_1_260' title='bbox 280 3389 321 3438; x_wconf 90' lang='grc'><strong><em>21</em></strong></span> <span class='ocrx_word' id='word_1_261' title='bbox 342 3367 468 3437; x_wconf 80' lang='grc' dir='ltr'><strong><em>ἐλάττων</em></strong></span> <span class='ocrx_word' id='word_1_262' title='bbox 479 3382 543 3436; x_wconf 67' lang='lat' dir='ltr'>Vah.</span> <span class='ocrx_word' id='word_1_263' title='bbox 547 3382 686 3450; x_wconf 72' lang='grc' dir='ltr'><strong><em>,ἔλαττον</em></strong></span> <span class='ocrx_word' id='word_1_264' title='bbox 705 3401 730 3437; x_wconf 81' lang='lat' dir='ltr'><strong><em>v.</em></strong></span> <span class='ocrx_word' id='word_1_265' title='bbox 814 3387 855 3434; x_wconf 90' lang='grc'><strong><em>22</em></strong></span> <span class='ocrx_word' id='word_1_266' title='bbox 877 3381 941 3451; x_wconf 87' lang='grc' dir='ltr'><strong><em>ΕΒ]</em></strong></span> <span class='ocrx_word' id='word_1_267' title='bbox 961 3396 1047 3448; x_wconf 81' lang='lat' dir='ltr'><strong>supra</strong></span> <span class='ocrx_word' id='word_1_268' title='bbox 1065 3376 1156 3434; x_wconf 80' lang='lat' dir='ltr'><strong>scr.V</strong></span> 
     </span>
     <span class='ocr_line' id='line_1_31' title="bbox 142 3452 1155 3523; baseline -0.003 -16"><span class='ocrx_word' id='word_1_269' title='bbox 142 3456 261 3522; x_wconf 83' lang='grc' dir='ltr'>(ΕΔ-</span> <span class='ocrx_word' id='word_1_270' title='bbox 283 3458 335 3508; x_wconf 88' lang='grc' dir='ltr'><strong><em>ΖΕ</em></strong></span> <span class='ocrx_word' id='word_1_271' title='bbox 353 3452 466 3508; x_wconf 78' lang='lat' dir='ltr'>etiam</span> <span class='ocrx_word' id='word_1_272' title='bbox 458 3472 488 3506; x_wconf 92' lang='lat' dir='ltr'><strong><em>1n</em></strong></span> <span class='ocrx_word' id='word_1_273' title='bbox 507 3472 561 3523; x_wconf 84' lang='lat' dir='ltr'><strong><em>mg.</em></strong></span> <span class='ocrx_word' id='word_1_274' title='bbox 582 3473 617 3508; x_wconf 92' lang='lat' dir='ltr'><strong>m</strong></span> <span class='ocrx_word' id='word_1_275' title='bbox 638 3454 706 3523; x_wconf 83' lang='lat' dir='ltr'><strong><em>IV,</em></strong></span> <span class='ocrx_word' id='word_1_276' title='bbox 732 3456 784 3507; x_wconf 90' lang='grc' dir='ltr'><strong><em>ΓΖ</em></strong></span> <span class='ocrx_word' id='word_1_277' title='bbox 803 3469 886 3521; x_wconf 79' lang='lat' dir='ltr'><strong>supra</strong></span> <span class='ocrx_word' id='word_1_278' title='bbox 906 3454 976 3522; x_wconf 81' lang='lat' dir='ltr'>scr..)</span> <span class='ocrx_word' id='word_1_279' title='bbox 1061 3456 1106 3505; x_wconf 90' lang='grc'><strong><em>24</em></strong></span> <span class='ocrx_word' id='word_1_280' title='bbox 1124 3457 1155 3522; x_wconf 74' lang='grc' dir='ltr'><strong><em>τῇ</em></strong></span> 
     </span>
     <span class='ocr_line' id='line_1_32' title="bbox 143 3499 827 3596; baseline -0.003 -18"><span class='ocrx_word' id='word_1_281' title='bbox 143 3528 194 3578; x_wconf 88' lang='grc' dir='ltr'><strong><em>ΓΒ</em></strong></span> <span class='ocrx_word' id='word_1_282' title='bbox 213 3523 270 3593; x_wconf 80' lang='grc' dir='ltr'><strong><em>άρα</em></strong></span> <span class='ocrx_word' id='word_1_283' title='bbox 288 3525 353 3580; x_wconf 81' lang='lat' dir='ltr'><strong><em>vat</em></strong></span> <span class='ocrx_word' id='word_1_284' title='bbox 359 3525 413 3579; x_wconf 79' lang='lat' dir='ltr'><strong><em>Av.</em></strong></span> <span class='ocrx_word' id='word_1_285' title='bbox 489 3523 574 3596; x_wconf 84' lang='grc' dir='ltr'><strong><em>ἐστιν]</em></strong></span> <span class='ocrx_word' id='word_1_286' title='bbox 594 3525 650 3579; x_wconf 82' lang='grc' dir='ltr'><strong><em>ἐστι</em></strong></span> <span class='ocrx_word' id='word_1_287' title='bbox 668 3499 733 3580; x_wconf 61' lang='grc' dir='ltr'><strong><em>Είιλ.</em></strong></span> <span class='ocrx_word' id='word_1_288' title='bbox 739 3524 827 3578; x_wconf 79' lang='lat' dir='ltr'><strong>Avm.</strong></span> 
     </span>
    </p>
   </div>
   <div class='ocr_carea' id='block_1_4' title="bbox 72 3612 211 3712">
    <p class='ocr_par' dir='ltr' id='par_1_11' title="bbox 72 3612 211 3712">
     <span class='ocr_line' id='line_1_33' title="bbox 72 3612 211 3712; baseline 0 0"><span class='ocrx_word' id='word_1_289' title='bbox 72 3612 211 3712; x_wconf 55' lang='lat' dir='ltr'>h</span> 
     </span>
    </p>
   </div>
   <div class='ocr_carea' id='block_1_5' title="bbox 0 0 1228 3944">
    <p class='ocr_par' dir='ltr' id='par_1_12' title="bbox 0 0 1228 3944">
     <span class='ocr_line' id='line_1_34' title="bbox 0 0 1228 3944; baseline 0 0"><span class='ocrx_word' id='word_1_290' title='bbox 0 0 1228 3944; x_wconf 95' lang='lat' dir='ltr'><strong><em> </em></strong></span> 
     </span>
    </p>
   </div>
  </div>
 </body>
</html>
