2424 3944
141 156 206 220 328
533 153 765 209 CATOPI'RICA.

141 304 224 367 ὥστε
248 301 309 365 οὐκ
332 299 641 381 ἀνακίασθήσονται
665 301 703 362 αί
718 303 790 382 ΒΑ,
803 304 872 364 ΒΓ
890 298 984 392 ὄφεις
1003 297 1056 364 έιιὶ
1074 301 1111 364 τὸ
1125 303 1154 363 Β

142 407 238 493 ὄμμα.
276 413 323 483 είς
345 408 381 471 τὸ
401 405 489 490 ὄμμα
512 404 548 470 δὲ
567 408 598 470 εί
614 405 810 489 ἀνεκλῶντο,
835 412 902 471 ίσαι
921 405 965 470 ὄιν
983 408 1021 470 αί
1037 409 1155 488 γωνίαι

141 514 225 597 πρὸς
247 525 317 590 τοῖς
339 519 381 597 Α,
402 516 434 577 Γ
451 512 631 595 ἐγίγνοντο.
677 515 885 597 δειχθήσεται
909 511 957 595 δέ,
979 512 1044 578 κδιν
1065 512 1157 588 έκτὸς

143 628 200 701 τῆς
218 623 428 702 περιφερείας
446 618 579 702 γένηται
597 621 635 684 τὸ
649 617 747 703 ὄμμα,
766 621 806 683 τδι
820 619 904 684 αὐτὰ
917 623 1157 704 συμβαίνοντα,

108 739 124 786 5
143 725 292 790 τουτέστι
311 726 348 789 τὸ
367 727 410 809 μὴ
430 726 573 810 δρᾶσθαι
593 728 630 791 τὸ
649 724 737 811 ὄμμα
756 727 812 790 διὰ
829 727 866 790 τὸ
888 727 946 801 τὰς
960 725 1158 802 ἀνακλάσεις

142 834 185 915 μὴ
210 830 365 914 γενέσθαι
389 829 439 895 ἐπ’
460 832 550 896 αὐτό.

616 990 678 1060 κς’.

208 1113 263 1179 Ἐν
286 1128 355 1192 τοῖς
377 1119 502 1192 κοίλοις
525 1115 696 1202 ένότιτροις
724 1116 782 1181 ἐὰν
808 1116 956 1200 ἐκβαλὼν
979 1116 1156 1203 διάμετρον

144 1231 203 1305 τῆς
226 1225 370 1305 σφαίρας
393 1221 428 1286 ἐκ
451 1231 511 1286 τοῦ
529 1221 669 1307 κέντρου
687 1224 770 1309 πρὸς
789 1223 895 1308 ὀρθὰς
913 1222 1084 1308 ἀναγάγῃς
1105 1221 1156 1288 καὶ

93 1348 126 1396 10
145 1331 192 1405 είς
214 1331 251 1394 τὸ
275 1328 388 1415 ἕτερον
415 1328 513 1415 μέρος
535 1336 600 1415 θῇς
627 1331 664 1394 τὸ
689 1329 791 1415 ὄμμα,
824 1327 923 1395 οὐδὲν
951 1340 1019 1394 τῶν
1048 1330 1086 1394 έν
1113 1339 1155 1416 τῷ

146 1435 235 1523 αὐτῷ
259 1436 360 1520 μέρει,
380 1436 416 1501 έν
435 1429 461 1523 ᾧ
480 1437 517 1501 τὸ
537 1435 625 1520 ὄμμα
643 1436 744 1519 ἐστίν,
768 1438 964 1521 ὀφθήσεται,
987 1433 1156 1501 τουτέστιν

145 1543 221 1607 οότε
249 1553 316 1606 τῶν
340 1542 393 1606 ἐπὶ
416 1552 473 1625 τῆς
497 1541 674 1628 διαμέτρου
702 1545 778 1607 οὔτε
801 1555 868 1608 τῶν
891 1543 983 1619 ε’κτὸς
1006 1552 1065 1626 τῆς
1089 1544 1157 1606 δια-

144 1647 274 1733 μέτρου.

212 1759 293 1819 ε”στω
317 1761 431 1820 κοῖλον
453 1759 615 1842 ένοτιτρον
637 1758 675 1821 τὸ
694 1760 802 1840 ΑΓΔ,
826 1756 1000 1843 διάμετρος
1020 1757 1058 1820 δὲ
1078 1760 1156 1821 ἔστω

94 1879 126 1926 15
145 1872 202 1946 τῆς
226 1866 369 1946 σφαίρας
391 1862 411 1945 ἡ
435 1869 511 1946 ΑΛ,
533 1862 588 1927 καί
611 1872 650 1948 τῇ
669 1869 734 1928 ΑΛ
756 1865 839 1948 πρὸς
862 1864 968 1950 ὀρθὰς
991 1862 1157 1928 ἀνεστάτω

145 1967 209 2033 ἀπὸ
236 1977 296 2032 τοῦ
320 1967 458 2053 κέντρου
486 1979 545 2034 τοῦ
570 1974 597 2034 Ζ
624 1969 644 2052 ἡ
670 1973 744 2053 ΖΓ,
777 1968 864 2054 ὄμμα
892 1966 928 2033 δέ
951 1972 1034 2034 ἔστω
1059 1971 1096 2035 τὸ
1119 1973 1158 2052 Β,

145 2073 222 2150 ὄψις
249 2072 286 2138 δέ
310 2074 331 2156 ἡ
356 2079 427 2140 ΒΕ.
474 2077 597 2141 οὐκοῦν
625 2077 645 2160 ἡ
669 2081 734 2141 ΒΕ
760 2075 974 2161 ἀνακλωμένη
1002 2077 1065 2160 οὐχ
1091 2075 1158 2160 ἥξει

146 2182 222 2244 οὔτε
251 2179 303 2244 ἐπὶ
332 2181 368 2244 τὸ
393 2184 421 2244 Β
450 2182 526 2245 οὔτε
554 2180 606 2246 ἐπὶ
629 2184 666 2247 τὸ
692 2186 732 2246 Ζ·
765 2181 802 2246 έν
824 2183 888 2265 γὰρ
913 2187 1001 2257 ι”σαις
1022 2186 1160 2264 γωνίαις

146 2287 335 2352 ἀνακλᾶται.
381 2285 449 2370 ἥξει
476 2289 540 2373 ἄρα
569 2288 613 2364 ὡς
640 2287 660 2371 ἡ
684 2293 757 2353 ΕΘ.
804 2289 925 2373 ὁμοίως
952 2285 989 2352 δὲ
1016 2288 1074 2354 καί
1102 2287 1161 2355 έδιν

93 2413 128 2460 20
148 2394 240 2470 έντὸς
259 2392 380 2479 ἐμπέσῃ
399 2395 436 2458 τὸ
456 2392 554 2479 ὄμμα,
574 2395 658 2460 ὄπου
676 2396 713 2460 τὸ
730 2400 768 2479 Θ,
787 2394 808 2479 ἢ
827 2393 880 2460 ἐπὶ
898 2402 956 2478 τῆς
970 2394 1160 2483 διαμέτρου,

148 2502 232 2566 ὄπου
254 2502 291 2565 τὸ
313 2505 362 2583 Μ,
385 2500 613 2585 ἀνακίώμεναι
637 2503 674 2566 αί
693 2499 786 2578 ὄψεις
809 2503 846 2566 αί
868 2506 943 2585 ΘΚ,
962 2507 1047 2567 ΜΝ
1064 2503 1160 2586 ἥξου-

148 2623 203 2672 σιν
230 2608 275 2683 ὡς
301 2608 339 2671 αί
359 2610 441 2690 ΚΛ,
460 2612 498 2671 Ν
501 2607 536 2680 Ξ.
583 2607 644 2672 οὐκ
672 2609 735 2693 ἀρα
763 2608 879 2693 δρᾶται
908 2605 1008 2674 οὐδέν
1034 2620 1102 2674 τῶν
1126 2609 1162 2674 έν

220 2770 243 2819 1.
269 2764 361 2854 ὄψεις]
386 2781 438 2818 om.
458 2783 493 2818 m.
586 2770 609 2818 2.
630 2764 669 2826 εἰς
688 2797 721 2804 -
741 2764 781 2836 εἰ]
806 2764 831 2818 εί
849 2763 902 2834 γὰρ
922 2765 962 2828 εἰς
979 2765 1010 2820 τδ
1030 2765 1107 2835 ὄμμα
1125 2784 1161 2821 m.

184 2834 231 2907 δέ]
252 2852 301 2889 scr.
322 2855 382 2905 γαρ.
470 2835 518 2926 ἄν]
538 2852 590 2889 om.
610 2835 699 2889 VMv.
787 2835 829 2907 αἱ]
848 2853 902 2890 om.
921 2836 958 2890 M.
1033 2837 1064 2890 αἱ
1083 2869 1118 2877 -
1137 2843 1160 2892 3.

150 2908 163 2961 έ
182 2905 306 2978 ίγνοντο]
327 2904 470 2975 ἐγίγνοντο
490 2928 520 2960 αι
533 2907 603 2974 πρὸς
615 2916 673 2969 τοῖς
687 2913 718 2975 Α,
729 2910 756 2960 Γ
771 2904 894 2976 σημείοις
912 2904 1023 2977 γωνίαι·
1044 2909 1096 2963 οόκ
1111 2909 1163 2963 εἰσί

149 2929 180 3033 δό
201 2977 266 3032 ίσαι.
305 2975 367 3032 οὐδ’
389 2976 445 3044 ἀρα
466 2977 497 3031 αἱ
516 2982 574 3045 ΒΑ,
590 2982 645 3031 ΒΓ
665 2977 745 3047 ὄψεις
764 2977 810 3031 ἐπὶ
828 2979 859 3032 τὸ
879 2983 901 3032 Β
925 2978 999 3047 ὄμμα
1017 2980 1162 3034 ἀνακλῶν-

149 3071 196 3104 ται
213 3069 249 3104 m.
331 3055 356 3103 4.
376 3045 502 3120 γένηται]
520 3053 591 3119 τεθῇ
609 3067 644 3103 m.
727 3055 751 3103 5.
771 3046 911 3104 τουτέστιν
929 3049 984 3104 Vv.
1060 3050 1110 3104 διαί
1128 3083 1163 3092 --

150 3129 173 3176 6.
194 3119 274 3192 αὐτό]
299 3121 353 3175 ὑπὸ
372 3129 470 3175 πασῶν
488 3129 543 3174 τῶν
562 3118 767 3189 ἀνακλωμένων
787 3120 881 3191 ὄψεων
902 3120 926 3174 εί
944 3121 981 3190 μὴ
999 3121 1056 3176 ὑπὸ
1075 3122 1164 3192 μόνης

148 3201 198 3262 τῆς
216 3191 265 3246 διὰ
283 3201 332 3246 τοῦ
352 3188 468 3258 κέντρον
487 3188 609 3260 ἠγμένης
625 3209 662 3245 m.
740 3197 764 3246 6.
784 3189 916 3261 γίνεσθαι
933 3192 970 3246 Μ.
1060 3198 1083 3248 7,
1104 3194 1163 3264 ις’]

150 3265 193 3333 λγ’
208 3264 264 3318 Vv.
339 3269 380 3317 10.
401 3263 452 3333 εἰς]
471 3265 539 3317 mut.
554 3261 584 3315 in
604 3260 649 3316 ἐντί
667 3264 703 3317 Μ.
779 3269 821 3317 12.
842 3263 987 3334 οότεφτ.)]
1007 3263 1072 3318 οότε
1087 3284 1115 3319 τι
1128 3283 1163 3318 m.

186 3368 347 3442 διαμέτρου]
367 3353 435 3428 0-ξό
454 3369 495 3438 Μ,
522 3372 554 3422 ut
573 3385 663 3438 saepe.
748 3375 789 3424 15.
809 3367 874 3442 καί]
893 3368 1009 3437 κέντρον
1029 3367 1061 3425 δέ
1081 3372 1113 3426 τὸ
1136 3375 1163 3439 Ζ,

150 3444 199 3498 καί
217 3443 273 3497 ἀπὸ
292 3451 342 3496 τοῦ
364 3446 385 3496 Ζ
404 3460 439 3496 m.
532 3439 650 3502 16.,ἀιτό
668 3472 704 3481 -
726 3442 758 3512 Ζ]
779 3457 831 3496 om.
851 3459 887 3496 m.
975 3446 1017 3494 17.
1039 3441 1122 3513 ὄφεις
1140 3461 1164 3511 v,

152 3517 182 3568 et
199 3514 233 3583 V,
253 3513 303 3567 sed
321 3530 389 3567 corr.
409 3532 445 3566 m.
465 3519 489 3566 2.
564 3517 606 3566 20.
627 3509 738 3579 ἐμπέσει
755 3530 781 3581 ν,
801 3516 872 3583 τεθῇ
890 3530 926 3566 m.
