2424 3944
122 174 185 240 132
347 173 503 226 SOHOLIA
520 173 559 223 IN
576 170 746 223 EUCLIDIS
766 170 904 222 OPTIOA.

188 319 240 384 37.
272 318 342 382 Λιίι
364 318 400 382 τὸ
424 317 631 400 συμβαίνειν,
655 314 734 398 ὅπερ
754 315 881 396 γίνεται
899 312 1034 387 εὐθείας
1050 310 1136 376 ὐπο-

119 423 271 509 κειμένης
298 432 356 508 της
378 430 443 487 νῦν
466 423 568 505 οὐσης
590 423 813 506 περιφερείας,
841 422 1006 503 νομίζεται
1032 415 1089 483 καὶ
1115 418 1137 501 ἡ

119 528 312 618 περιφέρεια
340 529 468 594 εὐθεῖα·
502 531 570 593 ἔστι
603 524 640 592 δὲ
669 536 767 592 τοῦτο
800 527 837 591 τὸ
865 529 1049 610 φαίνεσθαι
1076 524 1137 600 τὰς

121 637 184 703 ἀπὸ
204 646 264 702 τοῦ
282 634 421 721 κέντρου
439 631 494 698 καὶ
513 642 616 698 ταῦτα
636 639 710 710 ίσας
728 633 830 712 οὔσας
847 633 909 716 τὴν
928 630 1021 711 ε’κτὸς
1037 634 1135 715 μείζω

84 751 190 828 στῆς
191 733 351 826 ἐντός,οἷ
349 765 389 807 ον
402 743 463 826 τὴν
476 744 543 805 ΚΒ
562 750 620 825 της

119 854 208 932 ΚΛ,
250 848 268 914 ὃ
306 851 512 932 γίνεται,ε
496 850 528 913 εί
567 845 617 912 ἐπ’

120 956 254 1032 εὐθείας
267 958 407 1021 κείσεται
422 980 442 1039 η
430 956 533 1019 ΒΓ.
566 952 619 1019 ἐπὶ

119 1064 182 1149 γὰρ
204 1062 337 1139 εὐθείας
360 1064 534 1146 συμβαίνει
558 1062 619 1144 την

120 1167 310 1253 ἐκκειμένην
347 1159 419 1232 οἷον
455 1169 517 1251 την
553 1171 618 1231 ΚΒ

67 1292 101 1340 10
119 1277 251 1359 μείζονα
278 1283 336 1358 τῆς
358 1279 428 1339 ΚΔ
450 1269 545 1339 εἶναι.
591 1276 622 1338 εί

120 1382 183 1467 γὰρ
202 1383 309 1459 ἄλλως
328 1379 413 1465 λέγει
432 1405 482 1457 τις
499 1381 621 1456 ταύτας

121 1494 194 1564 ίσας
217 1482 313 1571 εἷναι,
336 1490 511 1572 συμβαίνει
534 1488 659 1552 ἄτοπόν
677 1507 721 1551 τι·
745 1486 958 1573 ὀρθογωνίου
982 1488 1046 1574 γὰρ
1070 1511 1137 1553 κει-

119 1593 222 1680 μένου
241 1604 301 1659 τοῦ
320 1599 421 1659 ΚΕΒ
444 1595 610 1681 τριγώνου
633 1595 670 1658 τὸ
690 1592 753 1658 ἀπὸ
772 1602 830 1678 τῆς
848 1593 974 1677 βάσεως
992 1603 1052 1678 τῆς
1069 1598 1137 1659 ΚΒ

122 1708 196 1766 ίσον
210 1705 300 1767 ἔσται
319 1714 389 1777 τοῖς
406 1701 470 1766 ἀπὸ
486 1712 553 1765 τῶν
567 1705 721 1787 πλευρῶν
739 1713 805 1765 τῶν
820 1703 895 1784 ΚΕ,
910 1704 983 1764 ΕΒ.
1014 1699 1138 1784 ὁμοίως

70 1824 103 1873 15
122 1806 177 1873 καὶ
191 1809 228 1872 τὸ
243 1807 306 1901 ὐπὸ
321 1817 379 1891 τῆς
389 1811 454 1871 ΚΛ
468 1818 538 1882 τοῖς
552 1806 615 1871 ἀπὸ
630 1818 697 1872 τῶν
707 1811 783 1891 ΚΕ,
793 1813 863 1872 ΕΔ.
885 1817 955 1883 πῶς
969 1802 1032 1873 οὐν
1047 1810 1138 1872 ἔσται

123 1921 177 1997 ίση
196 1913 301 1996 MA
318 1924 358 1999 τῇ
372 1917 440 1977 ΚΒ
459 1924 527 1977 τῶν
545 1913 608 1978 ἀπὸ
629 1912 700 1998 [τῆς
715 1913 798 1998 ΚΕ]
819 1913 855 1979 έν
874 1919 958 1988 ίσοις
978 1919 1061 1978 ίσων
1081 1911 1137 1978 ὄν-

122 2044 204 2099 των;
223 2025 376 2105 φαίνεται
391 2015 487 2102 οὐνη
503 2017 695 2106 περιφέρεια
710 2020 825 2085 εὐθεία
840 2020 942 2084 διὰτὸ
953 2022 1138 2104 φαίνεσθαι

123 2129 309 2210 συμβαῖνον
332 2122 385 2189 ἐπὶ
408 2133 466 2209 τίγς
488 2127 708 2211 περιφερείας,
732 2122 823 2189 ὃκαλ
845 2123 898 2190 ἐπὶ
915 2133 974 2209 τῆς
992 2126 1136 2203 εὐθείας.

666 1015 704 1074 Κ

1092 1329 1137 1384 Η

190 2249 241 2315 38.
267 2245 307 2314 Ὃ
330 2247 472 2315 ίπισθεν
497 2252 587 2331 έλεγε
611 2250 756 2315 δυνατὸν
780 2252 977 2315 δείκνυσθαι
1003 2248 1061 2316 καὶ
1084 2249 1138 2316 ἐπὶ

69 2372 104 2420 20
123 2365 181 2440 της
202 2360 315 2439 κοίλης
338 2359 564 2442 περιφερείας,
587 2365 686 2421 τοῦτο
709 2365 774 2422 νῦν
797 2358 955 2422 δεικνύει·
981 2347 1057 2422 οἷον
1079 2356 1137 2423 ἐὰν

123 2461 176 2528 ἐπὶ
199 2472 259 2528 τοῦ
282 2461 421 2548 κέντρου
445 2472 504 2546 τῆς
525 2466 736 2550 περιφερείας
757 2470 840 2549 τεθῇ
863 2463 900 2528 τὸ
919 2461 1018 2548 ὐμμα,
1042 2465 1080 2529 αί
1101 2460 1137 2529 δὲ

123 2568 158 2634 ἐκ
180 2580 241 2635 τοῦ
263 2568 403 2655 κέντρου
425 2569 637 2636 ὐποτεθῶσιν
660 2569 705 2646 ὡς
729 2568 873 2654 ἀκτῖνες,
897 2568 1054 2654 μέγιστον
1076 2567 1137 2656 μὲν

123 2677 306 2759 φανήσεται
320 2676 341 2760 ἡ
354 2683 386 2741 A
391 2681 420 2741 Β
434 2677 561 2759 εὐθεῖα,
577 2675 626 2760 [ἣ]
641 2677 679 2740 τὸ
692 2679 855 2764 πρότερον
870 2674 961 2752 ἀκτὶς
973 2676 1137 2762 ὑπέκειτο,

123 2780 173 2847 ἀεὶ
193 2779 230 2848 δὲ
248 2782 268 2866 ἡ
288 2786 399 2867 ἔγγιον
417 2792 476 2867 της
492 2790 526 2848 Α
531 2788 559 2848 Β
578 2792 636 2867 της
655 2783 826 2870 ἀπώτερον
843 2787 962 2868 μείζων
979 2793 1039 2868 τῆς
1058 2807 1136 2872 προ-

70 2903 104 2953 25
122 2888 219 2975 τέρας
240 2890 478 2977 προχωρούσης
501 2888 639 2968 δείξεως.

190 3016 241 3079 39.
274 3014 430 3080 Καθέτου
459 3013 510 3080 ἐπ’
536 3016 641 3099 αὐτὴν
664 3015 765 3097 οὔσης
787 3039 817 3100 p.
835 3016 888 3102 34,
910 3016 967 3097 23]
991 3024 1051 3099 τῆς
1073 3018 1141 3080 ΒΓ

123 3124 333 3207 περιφερείας
355 3122 400 3198 ὡς
423 3121 556 3198 εὐθείας
578 3118 770 3205 νοουμένης.

190 3245 242 3310 40.
273 3243 479 3331 Ἐγχιίλασμα
501 3271 530 3331 p.
551 3245 603 3331 34,
623 3246 679 3326 28]
703 3247 764 3329 τύγ
787 3249 943 3330 κοίλωμα.

196 3392 237 3440 αι.
257 3382 305 3439 Vb.
379 3390 421 3440 38.
441 3383 486 3440 Ψ.
560 3390 601 3440 39.
621 3384 667 3440 V1.
740 3390 782 3440 ιο.
802 3384 850 3439 Vb.

197 3532 219 3581 7.
240 3523 302 3597 ἐπί]
322 3524 390 3582 ἐπεί.
480 3532 522 3582 28.
542 3528 609 3598 τύγῐ]
629 3528 655 3582 h.
672 3543 695 3582 e.
714 3527 816 3598 τυγὸνλ
