2424 3944
440 169 612 221 EUOLIDIS
631 169 769 221 OPTIOA.
1047 167 1110 233 107

94 313 186 380 circa
209 313 251 396 tp
274 312 475 378 describatur
497 311 606 396 portio
631 312 756 398 circuli,
779 336 861 398 quae
883 313 1020 397 recipiat
1043 314 1112 378 eius

95 419 157 504 qui
181 419 221 483 ad
243 419 263 483 11
291 419 403 505 anguli
426 419 641 483 medietatem.
684 440 762 505 ergo
785 420 805 484 11
833 420 970 506 angulus
995 420 1111 504 duplus

95 530 151 591 est
170 526 281 612 anguli
300 548 324 591 c.
362 526 458 610 dupla
482 546 560 611 ergo
584 529 718 610 apparet
737 526 779 590 ab
804 527 872 590 eius
896 547 978 610 quae
1002 531 1052 591 est
1070 526 1112 610 by

96 631 203 697 oculis
228 653 324 717 super
347 633 413 696 abb
437 636 470 696 et
493 632 555 713 bey
576 630 745 717 periferias
768 632 959 697 iacentibus.

165 844 258 928 Esco,
282 866 363 928 quae
386 843 515 909 uidetur
537 844 740 931 magnitudo,
762 844 813 909 ab.
853 845 941 931 dico‚.
957 845 1111 929 quoniam
1148 858 1164 906 o

94 952 144 1017 ab
165 951 265 1016 habet
287 952 388 1037 locos,
405 951 440 1014 in
464 950 582 1035 quibus
607 951 700 1016 oculo
723 950 832 1035 posito
857 951 968 1016 eadem
986 951 1112 1035 aliquo-

94 1058 184 1122 tiens
198 1062 315 1144 totum,
334 1058 529 1143 aliquotiens
544 1061 660 1141 quarta
679 1061 814 1143 apparet
833 1062 866 1122 et
885 1057 1112 1122 uniuersaliter

93 1166 132 1228 in
157 1165 232 1229 data
253 1167 472 1249 proportione.

168 1268 370 1336 describatur
393 1271 477 1336 circa
500 1272 544 1336 ab
568 1272 706 1337 circulus
725 1273 797 1356 neb,
820 1271 911 1336 cuius
936 1271 1049 1336 circuli
1068 1272 1110 1336 ab

87 1399 165 1457 non
188 1378 231 1443 sit
254 1378 419 1463 diameter,
443 1383 476 1443 et
499 1382 646 1442 sumatur
669 1382 815 1442 centrum
840 1377 951 1442 circuli
971 1382 1004 1442 et
1023 1377 1066 1442 sit
1080 1399 1112 1464 9,
1130 1392 1163 1441 10

94 1486 133 1549 in
157 1506 221 1570 quo
244 1484 349 1550 iaceat
373 1484 498 1568 oculus²
527 1489 559 1549 et
584 1484 823 1570 coniungantur
845 1488 953 1548 rectae
981 1504 1037 1567 up,
1058 1485 1110 1566 pb.

94 1591 159 1656 sub
183 1612 221 1656 eo
244 1591 347 1676 igitur
376 1591 431 1676 qui
459 1596 509 1656 est
533 1591 599 1674 1191)
623 1591 667 1655 ab
690 1590 827 1655 uidetur.
872 1590 977 1655 iaceat
1001 1593 1110 1654 autem

94 1698 211 1762 oculus
238 1720 335 1783 super
362 1697 475 1762 circuli
501 1697 687 1781 periferiam
715 1701 747 1761 et
775 1696 869 1781 site,
902 1701 935 1761 et
962 1696 1110 1762 accidant

92 1803 179 1868 radii
202 1826 255 1888 ea,
279 1804 324 1869 eb.
372 1805 526 1888 quoniam
549 1824 626 1888 ergo
650 1804 716 1887 apb
741 1804 886 1889 angulus
903 1803 1022 1889 angulo
1046 1804 1109 1868 acb

92 1915 148 1976 est
175 1912 305 1996 duplus,
338 1932 414 1996 ergo
444 1912 484 1975 ab
509 1933 532 1995 9
557 1915 679 1997 puncto
709 1911 843 1995 duplum
873 1910 944 1975 eius
971 1909 1109 1993 uidetur,
1129 1923 1162 1971 15

95 2019 185 2103 quod
208 2019 248 2082 ab
268 2040 291 2083 e.
329 2017 479 2083 similiter
498 2022 614 2103 quarta
632 2040 707 2102 pars
727 2009 901 2103 uidebitur,
924 2018 952 2082 si
971 2018 1109 2104 angulus

94 2124 218 2209 angulo
242 2125 295 2189 uel
319 2125 517 2211 quadruplus
540 2125 594 2190 uel
616 2126 652 2189 in
675 2126 750 2190 data
771 2125 990 2210 proportione.

162 2334 301 2422 Aequali
321 2338 485 2404 celeritate
503 2341 646 2404 latorum
665 2344 697 2404 et
716 2362 812 2424 super
826 2360 924 2402 unam
942 2338 983 2402 ad
1001 2343 1107 2404 rectos

90 2443 176 2528 ipsis
209 2444 402 2509 existentem
434 2449 557 2510 rectam
588 2445 623 2509 in
656 2446 784 2509 easdem
813 2448 924 2528 partes
952 2444 1107 2509 terminos

90 2550 286 2615 habentium
323 2551 608 2636 accedentiumque
646 2552 686 2616 ad
718 2552 849 2615 ductam
884 2573 943 2634 per
979 2551 1108 2615 oculum
1127 2561 1161 2614 20

168 2786 209 2834 10.
234 2779 382 2852 diameter]
402 2796 445 2834 -er
462 2782 494 2834 tu
511 2797 567 2836 rac.
586 2781 624 2834 D.
714 2783 755 2832 13.
781 2777 889 2848 oculus]
908 2795 959 2848 119.
979 2794 1013 2831 m.
1033 2781 1049 2830 1
1068 2777 1106 2830 D.

128 2850 293 2920 pariferiam
312 2853 351 2919 D,
370 2854 416 2906 sed
434 2869 502 2907 corr.
576 2856 618 2905 15.
638 2849 710 2921 eius]
730 2868 781 2922 cap.
800 2868 834 2904 m.
855 2855 871 2903 1
891 2849 928 2902 D.

948 2978 1107 2986 ..-.-—-——

88 3069 177 3120 AKB
194 3064 322 3119 VatAv.
388 3064 498 3136 ἀμίδ’]
519 3064 712 3133 ο111.1,ξ’1’,
733 3063 952 3132 1111121121.
1021 3067 1045 3115 8.
1064 3079 1107 3114 τε-

87 3135 208 3207 θέντος]
228 3133 346 3206 τέθηται
364 3135 424 3205 Au,
449 3139 478 3190 et
494 3136 573 3206 Vat,
598 3151 666 3190 corr.
686 3153 721 3189 111.
742 3141 766 3189 2.
845 3139 869 3188 9.
890 3131 1033 3204 φαίνεται]
1053 3153 1108 3215 (pag

88 3235 185 3282 νεῖται
203 3243 239 3280 m.
322 3231 363 3280 13.
388 3222 449 3296 ἐφ’]
469 3222 521 3295 ἀφ’
539 3226 571 3279 A.
656 3230 698 3278 15.
722 3225 813 3295 ΑΓΒ]
832 3223 863 3276 in
880 3240 934 3276 ras
954 3222 992 3290 V3
1020 3223 1107 3293 ἓγαβ

62 3314 169 3383 rac,
191 3329 260 3369 corr.
280 3332 316 3368 111.
336 3320 365 3383 2;
398 3319 471 3368 ΓΑΒ
489 3332 515 3384 1,
539 3319 645 3382 ΑΓᾼΒ
664 3314 696 3367 Α.
784 3319 826 3368 17.
849 3311 965 3383 κύκλου]
986 3328 1053 3365 corr.
1074 3326 1108 3364 ex

86 3383 212 3454 κέντρου
230 3403 267 3440 m.
288 3391 303 3438 2
322 3386 386 3440 Vat.
461 3391 502 3441 19.
522 3382 714 3454 προσπιπτέτω
733 3403 758 3438 v.
824 3385 888 3454 EA]
907 3387 961 3438 AE
978 3401 1004 3438 1.
1064 3387 1106 3436 21.

88 3457 170 3512 ἐστιν
188 3475 214 3510 1.
301 3463 343 3512 22.
363 3455 496 3511 διπλάσια
515 3475 541 3511 1.
628 3462 670 3510 23.
690 3452 754 3527 καί]
774 3453 806 3510 δὲ
824 3452 873 3509 καί
891 3455 924 3509 A.
1003 3459 1045 3508 25.
1065 3453 1107 3524 ν’]

87 3545 147 3584 om.
167 3546 194 3598 1,
214 3528 261 3594 ἐπ’
275 3528 309 3599 V,
328 3529 380 3584 vd*
396 3547 431 3583 m.
452 3534 468 3581 2
487 3528 552 3582 Vat.
