<?xml version="1.0" encoding="UTF-8"?>
<!DOCTYPE html PUBLIC "-//W3C//DTD XHTML 1.0 Transitional//EN"
    "http://www.w3.org/TR/xhtml1/DTD/xhtml1-transitional.dtd">
<html xmlns="http://www.w3.org/1999/xhtml" xml:lang="en" lang="en">
 <head>
  <title>
</title>
<meta http-equiv="Content-Type" content="text/html;charset=utf-8" />
  <meta name='ocr-system' content='tesseract 3.04.00' />
  <meta name='ocr-capabilities' content='ocr_page ocr_carea ocr_par ocr_line ocrx_word'/>
</head>
<body>
  <div class='ocr_page' id='page_1' title='image "./euclidisoperaom01unkngoog_0290.png"; bbox 0 0 2424 3944; ppageno 0'>
   <div class='ocr_carea' id='block_1_1' title="bbox 306 143 1105 207">
    <p class='ocr_par' dir='ltr' id='par_1_1' title="bbox 306 143 1105 207">
     <span class='ocr_line' id='line_1_1' title="bbox 306 143 1105 207; baseline 0.014 -11"><span class='ocrx_word' id='word_1_1' title='bbox 306 143 515 197; x_wconf 75' lang='lat' dir='ltr'>oerrcoauu</span> <span class='ocrx_word' id='word_1_2' title='bbox 535 145 713 197; x_wconf 80' lang='lat' dir='ltr'>arcausro</span> <span class='ocrx_word' id='word_1_3' title='bbox 732 146 897 198; x_wconf 77' lang='lat' dir='ltr'>ruaours.</span> <span class='ocrx_word' id='word_1_4' title='bbox 1041 143 1105 207; x_wconf 74' lang='lat'>227</span> 
     </span>
    </p>
   </div>
   <div class='ocr_carea' id='block_1_2' title="bbox 92 288 1106 1316">
    <p class='ocr_par' dir='ltr' id='par_1_2' title="bbox 92 288 1106 1316">
     <span class='ocr_line' id='line_1_2' title="bbox 95 288 1106 375; baseline 0.001 -23"><span class='ocrx_word' id='word_1_5' title='bbox 95 311 280 374; x_wconf 81' lang='lat' dir='ltr'>grammum</span> <span class='ocrx_word' id='word_1_6' title='bbox 299 294 358 375; x_wconf 80' lang='lat' dir='ltr'>est,</span> <span class='ocrx_word' id='word_1_7' title='bbox 381 293 414 353; x_wconf 94' lang='lat' dir='ltr'>et</span> <span class='ocrx_word' id='word_1_8' title='bbox 427 291 462 352; x_wconf 91' lang='lat' dir='ltr'><em>K</em></span> <span class='ocrx_word' id='word_1_9' title='bbox 467 288 498 362; x_wconf 75' lang='grc' dir='ltr'><em>Ξ</em></span> <span class='ocrx_word' id='word_1_10' title='bbox 512 289 818 375; x_wconf 84' lang='lat' dir='ltr'>parallelogrammo</span> <span class='ocrx_word' id='word_1_11' title='bbox 833 293 896 353; x_wconf 92' lang='grc' dir='ltr'>ΕΒ</span> <span class='ocrx_word' id='word_1_12' title='bbox 921 292 954 352; x_wconf 90' lang='lat' dir='ltr'>et</span> <span class='ocrx_word' id='word_1_13' title='bbox 973 289 1106 372; x_wconf 89' lang='lat' dir='ltr'>aequale</span> 
     </span>
     <span class='ocr_line' id='line_1_3' title="bbox 94 395 1106 482; baseline 0 -22"><span class='ocrx_word' id='word_1_14' title='bbox 94 400 145 460; x_wconf 89' lang='lat' dir='ltr'>est</span> <span class='ocrx_word' id='word_1_15' title='bbox 169 400 202 459; x_wconf 97' lang='lat' dir='ltr'>et</span> <span class='ocrx_word' id='word_1_16' title='bbox 227 396 340 481; x_wconf 79' lang='lat' dir='ltr'>simile,</span> <span class='ocrx_word' id='word_1_17' title='bbox 364 395 428 470; x_wconf 73' lang='grc' dir='ltr'>ΞΑ</span> <span class='ocrx_word' id='word_1_18' title='bbox 450 400 559 460; x_wconf 91' lang='lat' dir='ltr'>autem</span> <span class='ocrx_word' id='word_1_19' title='bbox 583 395 888 482; x_wconf 83' lang='lat' dir='ltr'>parallelogrammo</span> <span class='ocrx_word' id='word_1_20' title='bbox 908 399 985 481; x_wconf 66' lang='grc' dir='ltr'>ΕΖ,</span> <span class='ocrx_word' id='word_1_21' title='bbox 1009 417 1106 478; x_wconf 89' lang='lat' dir='ltr'>quare</span> 
     </span>
     <span class='ocr_line' id='line_1_4' title="bbox 94 503 1105 587; baseline -0.002 -20"><span class='ocrx_word' id='word_1_22' title='bbox 94 503 194 567; x_wconf 91' lang='lat' dir='ltr'>etiam</span> <span class='ocrx_word' id='word_1_23' title='bbox 226 510 247 579; x_wconf 79' lang='lat' dir='ltr'><em>L</em></span> <span class='ocrx_word' id='word_1_24' title='bbox 269 506 376 567; x_wconf 81' lang='grc' dir='ltr'>ΘΝΕ</span> <span class='ocrx_word' id='word_1_25' title='bbox 393 534 433 554; x_wconf 93' lang='lat'>=</span> <span class='ocrx_word' id='word_1_26' title='bbox 455 506 570 587; x_wconf 92' lang='grc' dir='ltr'>ΓΕΑ,</span> <span class='ocrx_word' id='word_1_27' title='bbox 603 506 747 578; x_wconf 59' lang='grc' dir='ltr'>[ΘΝΑ</span> <span class='ocrx_word' id='word_1_28' title='bbox 767 534 806 554; x_wconf 87' lang='lat'>=</span> <span class='ocrx_word' id='word_1_29' title='bbox 828 506 936 566; x_wconf 85' lang='grc' dir='ltr'><em>ΓΕΔ.</em></span> <span class='ocrx_word' id='word_1_30' title='bbox 991 524 1105 565; x_wconf 87' lang='lat' dir='ltr'>uerum</span> 
     </span>
     <span class='ocr_line' id='line_1_5' title="bbox 94 609 1106 692; baseline -0.002 -17"><span class='ocrx_word' id='word_1_31' title='bbox 94 614 237 685; x_wconf 63' lang='grc' dir='ltr'><em>[ΓΕΑ</em></span> <span class='ocrx_word' id='word_1_32' title='bbox 255 621 288 683; x_wconf 98' lang='grc'>&gt;</span> <span class='ocrx_word' id='word_1_33' title='bbox 309 613 416 674; x_wconf 90' lang='grc' dir='ltr'><em>ΓΕΑ.</em></span> <span class='ocrx_word' id='word_1_34' title='bbox 486 610 597 692; x_wconf 89' lang='lat' dir='ltr'>itaque</span> <span class='ocrx_word' id='word_1_35' title='bbox 635 609 732 674; x_wconf 90' lang='lat' dir='ltr'>etiam</span> <span class='ocrx_word' id='word_1_36' title='bbox 774 611 918 684; x_wconf 68' lang='lat' dir='ltr'>reNA</span> <span class='ocrx_word' id='word_1_37' title='bbox 935 619 968 681; x_wconf 97' lang='lat'>&gt;</span> <span class='ocrx_word' id='word_1_38' title='bbox 992 611 1106 673; x_wconf 82' lang='grc' dir='ltr'><strong>ΘΝΚ.</strong></span> 
     </span>
     <span class='ocr_line' id='line_1_6' title="bbox 94 714 1106 801; baseline -0.003 -20"><span class='ocrx_word' id='word_1_39' title='bbox 94 718 255 781; x_wconf 84' lang='lat' dir='ltr'>ducantur</span> <span class='ocrx_word' id='word_1_40' title='bbox 281 721 364 801; x_wconf 89' lang='grc' dir='ltr'>ΝΟ,</span> <span class='ocrx_word' id='word_1_41' title='bbox 386 720 468 780; x_wconf 92' lang='grc' dir='ltr'>ΝΠ.</span> <span class='ocrx_word' id='word_1_42' title='bbox 522 715 631 798; x_wconf 92' lang='lat' dir='ltr'>itaque</span> <span class='ocrx_word' id='word_1_43' title='bbox 663 715 761 779; x_wconf 91' lang='lat' dir='ltr'>etiam</span> <span class='ocrx_word' id='word_1_44' title='bbox 790 714 1106 790; x_wconf 61' lang='lat' dir='ltr'><em>LENO&lt;EN11</em></span> 
     </span>
     <span class='ocr_line' id='line_1_7' title="bbox 92 821 1106 906; baseline -0.002 -20"><span class='ocrx_word' id='word_1_45' title='bbox 92 846 208 887; x_wconf 87' lang='lat' dir='ltr'>uerum</span> <span class='ocrx_word' id='word_1_46' title='bbox 228 823 360 898; x_wconf 70' lang='grc' dir='ltr'><em>[ΞΝΟ</em></span> <span class='ocrx_word' id='word_1_47' title='bbox 371 826 533 906; x_wconf 62' lang='grc' dir='ltr'><em>εΑΕΒ,</em></span> <span class='ocrx_word' id='word_1_48' title='bbox 552 821 654 898; x_wconf 59' lang='grc' dir='ltr'>[ΞΝ</span> <span class='ocrx_word' id='word_1_49' title='bbox 656 827 694 886; x_wconf 92' lang='grc' dir='ltr'>Π</span> <span class='ocrx_word' id='word_1_50' title='bbox 700 852 742 874; x_wconf 90' lang='grc'>--</span> <span class='ocrx_word' id='word_1_51' title='bbox 754 825 869 906; x_wconf 68' lang='grc' dir='ltr'>ΑΕΖ,</span> <span class='ocrx_word' id='word_1_52' title='bbox 893 843 991 904; x_wconf 89' lang='lat' dir='ltr'>quare</span> <span class='ocrx_word' id='word_1_53' title='bbox 1007 821 1106 884; x_wconf 89' lang='lat' dir='ltr'>etiam</span> 
     </span>
     <span class='ocr_line' id='line_1_8' title="bbox 93 927 1105 1013; baseline -0.002 -18"><span class='ocrx_word' id='word_1_54' title='bbox 93 935 232 1007; x_wconf 58' lang='grc' dir='ltr'><em>[ΑΕΒ</em></span> <span class='ocrx_word' id='word_1_55' title='bbox 248 941 282 1002; x_wconf 93' lang='grc'>&lt;</span> <span class='ocrx_word' id='word_1_56' title='bbox 296 933 405 994; x_wconf 84' lang='grc' dir='ltr'><em>ΔΕΖ.</em></span> <span class='ocrx_word' id='word_1_57' title='bbox 444 933 476 992; x_wconf 89' lang='lat' dir='ltr'>et</span> <span class='ocrx_word' id='word_1_58' title='bbox 501 929 540 991; x_wconf 88' lang='lat' dir='ltr'>ab</span> <span class='ocrx_word' id='word_1_59' title='bbox 564 927 685 1013; x_wconf 82' lang='lat' dir='ltr'>angulo</span> <span class='ocrx_word' id='word_1_60' title='bbox 705 931 805 992; x_wconf 84' lang='lat' dir='ltr'>AER</span> <span class='ocrx_word' id='word_1_61' title='bbox 830 927 1020 1012; x_wconf 77' lang='lat' dir='ltr'><strong>magnitudo</strong></span> <span class='ocrx_word' id='word_1_62' title='bbox 1040 933 1105 993; x_wconf 90' lang='lat' dir='ltr'>AB</span> 
     </span>
     <span class='ocr_line' id='line_1_9' title="bbox 93 1034 1106 1124; baseline -0.005 -21"><span class='ocrx_word' id='word_1_63' title='bbox 93 1038 250 1124; x_wconf 80' lang='lat' dir='ltr'>cernitur,</span> <span class='ocrx_word' id='word_1_64' title='bbox 281 1040 424 1101; x_wconf 83' lang='lat' dir='ltr'>aAEZ</span> <span class='ocrx_word' id='word_1_65' title='bbox 453 1040 561 1100; x_wconf 90' lang='lat' dir='ltr'>autem</span> <span class='ocrx_word' id='word_1_66' title='bbox 585 1041 618 1099; x_wconf 92' lang='grc' dir='ltr'><em>Δ</em></span> <span class='ocrx_word' id='word_1_67' title='bbox 625 1039 660 1098; x_wconf 90' lang='grc' dir='ltr'>Ζ.</span> <span class='ocrx_word' id='word_1_68' title='bbox 718 1056 796 1120; x_wconf 85' lang='lat' dir='ltr'>ergo</span> <span class='ocrx_word' id='word_1_69' title='bbox 824 1034 1015 1120; x_wconf 74' lang='lat' dir='ltr'><strong>magnitudo</strong></span> <span class='ocrx_word' id='word_1_70' title='bbox 1039 1039 1106 1099; x_wconf 91' lang='lat' dir='ltr'>AB</span> 
     </span>
     <span class='ocr_line' id='line_1_10' title="bbox 92 1140 1106 1229; baseline -0.005 -20"><span class='ocrx_word' id='word_1_71' title='bbox 92 1146 201 1210; x_wconf 88' lang='lat' dir='ltr'>minor</span> <span class='ocrx_word' id='word_1_72' title='bbox 232 1145 364 1229; x_wconf 89' lang='lat' dir='ltr'>adparet</span> <span class='ocrx_word' id='word_1_73' title='bbox 393 1140 616 1226; x_wconf 75' lang='lat' dir='ltr'>magnitudine</span> <span class='ocrx_word' id='word_1_74' title='bbox 647 1145 730 1225; x_wconf 68' lang='grc' dir='ltr'>ΑΖ,</span> <span class='ocrx_word' id='word_1_75' title='bbox 763 1141 848 1224; x_wconf 88' lang='lat' dir='ltr'>quod</span> <span class='ocrx_word' id='word_1_76' title='bbox 881 1144 950 1204; x_wconf 89' lang='lat' dir='ltr'>erat</span> <span class='ocrx_word' id='word_1_77' title='bbox 978 1140 1106 1205; x_wconf 87' lang='lat' dir='ltr'>demen-</span> 
     </span>
     <span class='ocr_line' id='line_1_11' title="bbox 94 1251 272 1316; baseline -0.017 0"><span class='ocrx_word' id='word_1_78' title='bbox 94 1251 272 1316; x_wconf 80' lang='lat' dir='ltr'><strong>strandum.</strong></span> 
     </span>
    </p>
   </div>
   <div class='ocr_carea' id='block_1_3' title="bbox 573 1390 624 1454">
    <p class='ocr_par' dir='ltr' id='par_1_3' title="bbox 573 1390 624 1454">
     <span class='ocr_line' id='line_1_12' title="bbox 573 1390 624 1454; baseline -0.039 0"><span class='ocrx_word' id='word_1_79' title='bbox 573 1390 624 1454; x_wconf 84' lang='lat'>41.</span> 
     </span>
    </p>
   </div>
   <div class='ocr_carea' id='block_1_4' title="bbox 161 1493 1106 1584">
    <p class='ocr_par' dir='ltr' id='par_1_4' title="bbox 161 1493 1106 1584">
     <span class='ocr_line' id='line_1_13' title="bbox 161 1493 1106 1584; baseline -0.003 -24"><span class='ocrx_word' id='word_1_80' title='bbox 161 1497 266 1563; x_wconf 82' lang='lat' dir='ltr'>Locus</span> <span class='ocrx_word' id='word_1_81' title='bbox 283 1502 341 1584; x_wconf 76' lang='lat' dir='ltr'>est,</span> <span class='ocrx_word' id='word_1_82' title='bbox 359 1498 443 1561; x_wconf 90' lang='lat' dir='ltr'>unde</span> <span class='ocrx_word' id='word_1_83' title='bbox 464 1496 558 1560; x_wconf 88' lang='lat' dir='ltr'>oeulo</span> <span class='ocrx_word' id='word_1_84' title='bbox 577 1498 736 1577; x_wconf 82' lang='lat' dir='ltr'>manente,</span> <span class='ocrx_word' id='word_1_85' title='bbox 755 1497 846 1556; x_wconf 90' lang='lat' dir='ltr'>mota</span> <span class='ocrx_word' id='word_1_86' title='bbox 860 1495 968 1556; x_wconf 88' lang='lat' dir='ltr'>autem</span> <span class='ocrx_word' id='word_1_87' title='bbox 982 1493 1106 1578; x_wconf 84' lang='lat' dir='ltr'>magni-</span> 
     </span>
    </p>
   </div>
   <div class='ocr_carea' id='block_1_5' title="bbox 91 1597 1105 1791">
    <p class='ocr_par' dir='ltr' id='par_1_5' title="bbox 91 1597 1105 1791">
     <span class='ocr_line' id='line_1_14' title="bbox 91 1597 1104 1688; baseline -0.006 -20"><span class='ocrx_word' id='word_1_88' title='bbox 91 1603 214 1688; x_wconf 85' lang='lat' dir='ltr'>tudine,</span> <span class='ocrx_word' id='word_1_89' title='bbox 240 1625 321 1688; x_wconf 89' lang='lat' dir='ltr'>quae</span> <span class='ocrx_word' id='word_1_90' title='bbox 344 1603 496 1688; x_wconf 81' lang='lat' dir='ltr'>cernitur,</span> <span class='ocrx_word' id='word_1_91' title='bbox 517 1602 599 1666; x_wconf 83' lang='lat' dir='ltr'>haee</span> <span class='ocrx_word' id='word_1_92' title='bbox 622 1620 748 1683; x_wconf 84' lang='lat' dir='ltr'>semper</span> <span class='ocrx_word' id='word_1_93' title='bbox 767 1597 910 1681; x_wconf 89' lang='lat' dir='ltr'>aequalis</span> <span class='ocrx_word' id='word_1_94' title='bbox 929 1597 1104 1685; x_wconf 85' lang='lat' dir='ltr'>adparet.¹)</span> 
     </span>
     <span class='ocr_line' id='line_1_15' title="bbox 744 1704 1105 1791; baseline 0.003 -22"><span class='ocrx_word' id='word_1_95' title='bbox 744 1709 894 1769; x_wconf 75' lang='lat' dir='ltr'>cernatur</span> <span class='ocrx_word' id='word_1_96' title='bbox 922 1704 1007 1770; x_wconf 90' lang='lat' dir='ltr'>enim</span> <span class='ocrx_word' id='word_1_97' title='bbox 1033 1708 1105 1791; x_wconf 91' lang='grc' dir='ltr'>ΒΓ,</span> 
     </span>
    </p>
   </div>
   <div class='ocr_carea' id='block_1_6' title="bbox 91 1811 1110 3066">
    <p class='ocr_par' dir='ltr' id='par_1_6' title="bbox 91 1811 1110 3066">
     <span class='ocr_line' id='line_1_16' title="bbox 678 1811 1105 1894; baseline 0.002 -19"><span class='ocrx_word' id='word_1_98' title='bbox 678 1811 789 1876; x_wconf 80' lang='lat' dir='ltr'>oculus</span> <span class='ocrx_word' id='word_1_99' title='bbox 818 1815 926 1876; x_wconf 91' lang='lat' dir='ltr'>autem</span> <span class='ocrx_word' id='word_1_100' title='bbox 950 1811 994 1875; x_wconf 89' lang='lat' dir='ltr'>sit</span> <span class='ocrx_word' id='word_1_101' title='bbox 1019 1816 1057 1894; x_wconf 85' lang='lat' dir='ltr'>Z,</span> <span class='ocrx_word' id='word_1_102' title='bbox 1086 1834 1105 1876; x_wconf 91' lang='lat' dir='ltr'>a</span> 
     </span>
     <span class='ocr_line' id='line_1_17' title="bbox 677 1917 1105 2004; baseline 0 -22"><span class='ocrx_word' id='word_1_103' title='bbox 677 1940 740 2002; x_wconf 91' lang='lat' dir='ltr'>quo</span> <span class='ocrx_word' id='word_1_104' title='bbox 764 1917 846 1982; x_wconf 89' lang='lat' dir='ltr'>radii</span> <span class='ocrx_word' id='word_1_105' title='bbox 865 1918 1015 1982; x_wconf 87' lang='lat' dir='ltr'>adeidant</span> <span class='ocrx_word' id='word_1_106' title='bbox 1035 1922 1105 2004; x_wconf 92' lang='grc' dir='ltr'>ΖΓ,</span> 
     </span>
     <span class='ocr_line' id='line_1_18' title="bbox 679 2023 1110 2109; baseline 0.002 -22"><span class='ocrx_word' id='word_1_107' title='bbox 679 2027 749 2109; x_wconf 86' lang='grc' dir='ltr'>ΖΒ,</span> <span class='ocrx_word' id='word_1_108' title='bbox 760 2023 1007 2109; x_wconf 84' lang='lat' dir='ltr'>triangulusque</span> <span class='ocrx_word' id='word_1_109' title='bbox 1019 2028 1110 2089; x_wconf 91' lang='grc' dir='ltr'>ΖΒΓ</span> 
     </span>
     <span class='ocr_line' id='line_1_19' title="bbox 676 2130 1104 2215; baseline 0.005 -21"><span class='ocrx_word' id='word_1_110' title='bbox 676 2130 796 2195; x_wconf 85' lang='lat' dir='ltr'>aireulo</span> <span class='ocrx_word' id='word_1_111' title='bbox 828 2135 896 2196; x_wconf 85' lang='lat' dir='ltr'>AB</span> <span class='ocrx_word' id='word_1_112' title='bbox 903 2135 931 2194; x_wconf 91' lang='lat' dir='ltr'><strong>Z</strong></span> <span class='ocrx_word' id='word_1_113' title='bbox 962 2153 1104 2215; x_wconf 86' lang='lat' dir='ltr'>eompre-</span> 
     </span>
     <span class='ocr_line' id='line_1_20' title="bbox 674 2237 1108 2321; baseline 0.005 -21"><span class='ocrx_word' id='word_1_114' title='bbox 674 2237 843 2302; x_wconf 87' lang='lat' dir='ltr'>hendatur.</span> <span class='ocrx_word' id='word_1_115' title='bbox 885 2238 966 2321; x_wconf 87' lang='lat' dir='ltr'>dieo,</span> <span class='ocrx_word' id='word_1_116' title='bbox 990 2238 1017 2302; x_wconf 89' lang='lat' dir='ltr'>si</span> <span class='ocrx_word' id='word_1_117' title='bbox 1041 2242 1108 2302; x_wconf 92' lang='grc' dir='ltr'>ΒΓ</span> 
     </span>
     <span class='ocr_line' id='line_1_21' title="bbox 675 2344 1104 2428; baseline 0 -20"><span class='ocrx_word' id='word_1_118' title='bbox 675 2366 733 2428; x_wconf 89' lang='lat' dir='ltr'>per</span> <span class='ocrx_word' id='word_1_119' title='bbox 747 2344 906 2408; x_wconf 88' lang='lat' dir='ltr'>ambitum</span> <span class='ocrx_word' id='word_1_120' title='bbox 923 2344 1035 2408; x_wconf 80' lang='lat' dir='ltr'>circuli</span> <span class='ocrx_word' id='word_1_121' title='bbox 1053 2345 1104 2408; x_wconf 92' lang='lat' dir='ltr'>de-</span> 
     </span>
     <span class='ocr_line' id='line_1_22' title="bbox 676 2451 1104 2534; baseline -0.002 -19"><span class='ocrx_word' id='word_1_122' title='bbox 676 2451 790 2534; x_wconf 78' lang='lat' dir='ltr'>scripti</span> <span class='ocrx_word' id='word_1_123' title='bbox 813 2454 996 2534; x_wconf 88' lang='lat' dir='ltr'>moueatur,</span> <span class='ocrx_word' id='word_1_124' title='bbox 1023 2472 1104 2514; x_wconf 89' lang='lat' dir='ltr'>sem-</span> 
     </span>
     <span class='ocr_line' id='line_1_23' title="bbox 675 2557 1102 2641; baseline 0.002 -21"><span class='ocrx_word' id='word_1_125' title='bbox 675 2578 733 2639; x_wconf 91' lang='lat' dir='ltr'>per</span> <span class='ocrx_word' id='word_1_126' title='bbox 746 2578 817 2620; x_wconf 88' lang='lat' dir='ltr'>eam</span> <span class='ocrx_word' id='word_1_127' title='bbox 830 2557 996 2641; x_wconf 89' lang='lat' dir='ltr'>aequalem</span> <span class='ocrx_word' id='word_1_128' title='bbox 1007 2557 1102 2621; x_wconf 89' lang='lat' dir='ltr'>eerni.</span> 
     </span>
     <span class='ocr_line' id='line_1_24' title="bbox 675 2649 1109 2748; baseline 0.005 -22"><span class='ocrx_word' id='word_1_129' title='bbox 675 2649 907 2748; x_wconf 77' lang='lat' dir='ltr'>transponatur</span> <span class='ocrx_word' id='word_1_130' title='bbox 932 2662 1018 2727; x_wconf 89' lang='lat' dir='ltr'>enim</span> <span class='ocrx_word' id='word_1_131' title='bbox 1040 2667 1109 2728; x_wconf 92' lang='grc' dir='ltr'>ΒΓ</span> 
     </span>
     <span class='ocr_line' id='line_1_25' title="bbox 676 2770 1101 2855; baseline 0.005 -22"><span class='ocrx_word' id='word_1_132' title='bbox 676 2770 716 2833; x_wconf 89' lang='lat' dir='ltr'>ad</span> <span class='ocrx_word' id='word_1_133' title='bbox 732 2773 801 2855; x_wconf 84' lang='grc' dir='ltr'>ΓΑ,</span> <span class='ocrx_word' id='word_1_134' title='bbox 824 2774 857 2834; x_wconf 91' lang='lat' dir='ltr'>et</span> <span class='ocrx_word' id='word_1_135' title='bbox 878 2770 1012 2833; x_wconf 86' lang='lat' dir='ltr'>dueatur</span> <span class='ocrx_word' id='word_1_136' title='bbox 1025 2774 1101 2835; x_wconf 85' lang='lat' dir='ltr'>AZ.</span> 
     </span>
     <span class='ocr_line' id='line_1_26' title="bbox 674 2876 1102 2959; baseline 0.005 -21"><span class='ocrx_word' id='word_1_137' title='bbox 674 2876 785 2959; x_wconf 88' lang='lat' dir='ltr'>itaque</span> <span class='ocrx_word' id='word_1_138' title='bbox 808 2898 901 2940; x_wconf 84' lang='lat' dir='ltr'>arcus</span> <span class='ocrx_word' id='word_1_139' title='bbox 925 2878 993 2939; x_wconf 91' lang='grc' dir='ltr'>ΒΓ</span> <span class='ocrx_word' id='word_1_140' title='bbox 1013 2876 1102 2941; x_wconf 86' lang='lat' dir='ltr'>arcui</span> 
     </span>
     <span class='ocr_line' id='line_1_27' title="bbox 91 2980 1102 3066; baseline 0.003 -22"><span class='ocrx_word' id='word_1_141' title='bbox 91 2983 155 3045; x_wconf 88' lang='grc' dir='ltr'>ΓΔ</span> <span class='ocrx_word' id='word_1_142' title='bbox 178 2980 319 3064; x_wconf 87' lang='lat' dir='ltr'>aequalis</span> <span class='ocrx_word' id='word_1_143' title='bbox 340 2986 396 3045; x_wconf 86' lang='lat' dir='ltr'>est.</span> <span class='ocrx_word' id='word_1_144' title='bbox 435 3003 533 3065; x_wconf 90' lang='lat' dir='ltr'>quare</span> <span class='ocrx_word' id='word_1_145' title='bbox 557 2983 656 3047; x_wconf 87' lang='lat' dir='ltr'>etiam</span> <span class='ocrx_word' id='word_1_146' title='bbox 679 2987 796 3058; x_wconf 58' lang='grc' dir='ltr'>[Ρι-</span> <span class='ocrx_word' id='word_1_147' title='bbox 812 2988 852 3047; x_wconf 87' lang='grc' dir='ltr'>Σ.</span> <span class='ocrx_word' id='word_1_148' title='bbox 890 3004 970 3066; x_wconf 88' lang='lat' dir='ltr'>quae</span> <span class='ocrx_word' id='word_1_149' title='bbox 994 2987 1102 3047; x_wconf 90' lang='lat' dir='ltr'>autem</span> 
     </span>
    </p>
   </div>
   <div class='ocr_carea' id='block_1_7' title="bbox 89 3077 1101 3282">
    <p class='ocr_par' dir='ltr' id='par_1_7' title="bbox 89 3077 1101 3282">
     <span class='ocr_line' id='line_1_28' title="bbox 89 3077 1101 3174; baseline 0.002 -24"><span class='ocrx_word' id='word_1_150' title='bbox 89 3087 130 3151; x_wconf 87' lang='lat' dir='ltr'>ab</span> <span class='ocrx_word' id='word_1_151' title='bbox 164 3086 292 3172; x_wconf 80' lang='lat' dir='ltr'>angulis</span> <span class='ocrx_word' id='word_1_152' title='bbox 325 3088 514 3171; x_wconf 86' lang='lat' dir='ltr'>aequalibus</span> <span class='ocrx_word' id='word_1_153' title='bbox 548 3077 736 3172; x_wconf 72' lang='lat' dir='ltr'>demuntur,</span> <span class='ocrx_word' id='word_1_154' title='bbox 766 3089 914 3173; x_wconf 86' lang='lat' dir='ltr'>aequalia</span> <span class='ocrx_word' id='word_1_155' title='bbox 946 3089 1101 3174; x_wconf 90' lang='lat' dir='ltr'>adparent</span> 
     </span>
     <span class='ocr_line' id='line_1_29' title="bbox 89 3192 1100 3282; baseline 0.002 -24"><span class='ocrx_word' id='word_1_156' title='bbox 89 3192 166 3279; x_wconf 86' lang='lat' dir='ltr'>[def.</span> <span class='ocrx_word' id='word_1_157' title='bbox 185 3192 231 3278; x_wconf 80' lang='lat'>4].</span> <span class='ocrx_word' id='word_1_158' title='bbox 278 3215 355 3279; x_wconf 85' lang='lat' dir='ltr'>ergo</span> <span class='ocrx_word' id='word_1_159' title='bbox 380 3197 447 3258; x_wconf 91' lang='grc' dir='ltr'>ΒΓ</span> <span class='ocrx_word' id='word_1_160' title='bbox 465 3195 682 3282; x_wconf 83' lang='lat' dir='ltr'>magnitudini</span> <span class='ocrx_word' id='word_1_161' title='bbox 707 3198 767 3260; x_wconf 84' lang='grc' dir='ltr'>ΓΑ</span> <span class='ocrx_word' id='word_1_162' title='bbox 792 3194 934 3278; x_wconf 86' lang='lat' dir='ltr'>aequalis</span> <span class='ocrx_word' id='word_1_163' title='bbox 959 3195 1100 3280; x_wconf 87' lang='lat' dir='ltr'>adparet.</span> 
     </span>
    </p>
   </div>
   <div class='ocr_carea' id='block_1_8' title="bbox 88 3421 1100 3550">
    <p class='ocr_par' dir='ltr' id='par_1_8' title="bbox 88 3421 1100 3550">
     <span class='ocr_line' id='line_1_30' title="bbox 119 3421 1100 3550; baseline -0.001 -73"><span class='ocrx_word' id='word_1_164' title='bbox 119 3428 187 3550; x_wconf 59' lang='lat' dir='ltr'>td)</span> <span class='ocrx_word' id='word_1_165' title='bbox 214 3423 247 3477; x_wconf 91' lang='lat' dir='ltr'>In</span> <span class='ocrx_word' id='word_1_166' title='bbox 269 3423 360 3493; x_wconf 83' lang='lat' dir='ltr'>figura</span> <span class='ocrx_word' id='word_1_167' title='bbox 383 3421 493 3477; x_wconf 84' lang='lat' dir='ltr'>litteras</span> <span class='ocrx_word' id='word_1_168' title='bbox 519 3427 551 3493; x_wconf 93' lang='lat' dir='ltr'>P,</span> <span class='ocrx_word' id='word_1_169' title='bbox 571 3427 600 3478; x_wconf 88' lang='grc' dir='ltr'><strong><em>Σ</em></strong></span> <span class='ocrx_word' id='word_1_170' title='bbox 623 3421 796 3493; x_wconf 88' lang='lat' dir='ltr'>permutauit</span> <span class='ocrx_word' id='word_1_171' title='bbox 819 3441 849 3492; x_wconf 81' lang='lat' dir='ltr'>v,</span> <span class='ocrx_word' id='word_1_172' title='bbox 877 3439 928 3491; x_wconf 88' lang='lat' dir='ltr'>pro</span> <span class='ocrx_word' id='word_1_173' title='bbox 952 3425 981 3476; x_wconf 88' lang='grc' dir='ltr'><strong><em>Σ</em></strong></span> <span class='ocrx_word' id='word_1_174' title='bbox 999 3421 1029 3475; x_wconf 90' lang='lat' dir='ltr'>in</span> <span class='ocrx_word' id='word_1_175' title='bbox 1051 3422 1100 3491; x_wconf 88' lang='lat' dir='ltr'>Vp</span> 
     </span>
     <span class='ocr_line' id='line_1_31' title="bbox 88 3511 185 3550; baseline -0.01 0"><span class='ocrx_word' id='word_1_176' title='bbox 88 3511 118 3550; x_wconf 86' lang='lat' dir='ltr'>es</span> <span class='ocrx_word' id='word_1_177' title='bbox 180 3538 185 3549; x_wconf 93' lang='lat'>.</span> 
     </span>
    </p>
   </div>
   <div class='ocr_carea' id='block_1_9' title="bbox 885 3583 940 3636">
    <p class='ocr_par' dir='ltr' id='par_1_9' title="bbox 885 3583 940 3636">
     <span class='ocr_line' id='line_1_32' title="bbox 885 3583 940 3636; baseline 0 0"><span class='ocrx_word' id='word_1_178' title='bbox 885 3583 940 3636; x_wconf 79' lang='lat'>15*</span> 
     </span>
    </p>
   </div>
   <div class='ocr_carea' id='block_1_10' title="bbox 0 0 1216 3944">
    <p class='ocr_par' dir='ltr' id='par_1_10' title="bbox 0 0 1216 3944">
     <span class='ocr_line' id='line_1_33' title="bbox 0 0 1216 3944; baseline 0 1"><span class='ocrx_word' id='word_1_179' title='bbox 0 0 1216 3944; x_wconf 95' lang='lat' dir='ltr'> </span> 
     </span>
    </p>
   </div>
  </div>
 </body>
</html>
