2424 3944
442 156 719 210 PROLEGOMENA.
1001 156 1090 211 XLIII

78 301 235 365 628,1-8
259 298 288 350 et
311 299 428 350 conatus
451 295 571 350 alicuius
593 297 788 352 mathematici
811 298 916 353 Graece
939 298 1016 352 docti
1038 301 1087 368 (an

78 376 220 446 camier)
239 375 371 430 uidentur
389 392 457 430 esse.

151 455 361 511 Praefationem
387 454 650 526 propositionesque
678 456 752 510 solas
780 457 881 512 deinde
908 456 1089 527 Argentorati

77 534 172 591 edidit
199 533 280 590 Cunr.
301 535 479 605 Dasypodius
504 551 527 589 a.
549 540 625 589 1671.
673 535 797 591 editione
819 537 913 591 Penae
939 554 1006 590 usus
1034 539 1090 604 est,

79 633 147 670 nam
169 633 197 684 p.
218 620 278 684 154,
298 621 331 670 26
355 615 455 671 habet:
478 611 637 683 ταῦταμὲν
657 611 708 670 οὖν
725 615 886 671 ὑποκείσθω
905 617 985 686 ἡμῖν,
1004 616 1032 681 ἐξ
1051 612 1092 671 ὧν

77 693 115 749 τδι
134 693 198 764 ἑξῆς
215 693 386 762 θεωρήματα
404 693 591 764 δειχθήσεται,
611 712 683 762 quae
702 699 746 750 est
763 695 945 766 interpolatio
963 697 1064 751 Penae.

149 773 247 828 Etiam
265 773 415 843 Gregorius
434 773 557 827 editione
575 773 669 829 Pence
687 773 796 829 nititur.
824 774 948 844 inspexit
965 774 1012 827 hic
1030 773 1090 827 illic

77 853 206 908 codicem
224 853 410 908 Bodleianum
426 853 521 907 nescio
540 869 631 923 quem,
651 870 666 908 e
685 871 740 922 quo
758 854 832 908 nihil
845 854 903 927 fere
916 854 1043 925 protulit,
1062 857 1092 908 et

78 933 265 1002 Sacilianum,
283 933 340 987 nisi
357 933 432 987 huno
451 950 466 987 e
484 933 560 987 notis
574 933 675 988 Sauilii
694 936 806 988 tantum
820 933 903 1004 citat3
922 934 996 988 inter
1010 935 1089 988 codd.

79 1011 241 1068 Sauilianos
255 1012 425 1067 Bodchanos
438 1012 548 1067 nullum
561 1013 683 1083 repperi;
702 1032 729 1083 p.
744 1020 796 1068 623
815 1017 872 1069 not.
889 1021 904 1068 2
924 1031 939 1068 e
957 1013 1089 1085 Reg[io?]

79 1093 247 1148 adferuntur
263 1112 290 1162 p.
312 1098 509 1162 194,19-2ο,
532 1109 605 1161 quae
628 1092 723 1148 omisit
740 1094 817 1147 Pena
841 1096 966 1148 extrema
985 1092 1091 1162 pagina

78 1176 110 1228 et
136 1190 201 1227 cum
228 1189 262 1228 eo
284 1173 462 1243 Dasypodius
487 1175 516 1227 et
539 1172 697 1243 Gregorius.
735 1173 795 1228 cod.
816 1173 976 1228 Sauilianus
1000 1172 1091 1227 codici

78 1246 172 1307 Uasio.
192 1259 244 1307 sos
267 1252 367 1307 similis
388 1252 455 1322 fuit,
482 1252 530 1307 cfr.
549 1272 576 1323 p.
598 1260 658 1323 roa,
678 1259 712 1307 14
730 1247 770 1308 δι
789 1285 822 1294 -
843 1259 876 1308 16
895 1255 1042 1325 θεώρημα]
1061 1253 1092 1307 in

78 1335 161 1387 textu
175 1333 262 1388 Gauil.
277 1336 307 1388 et
320 1338 381 1403 202,
399 1353 426 1404 p.
442 1339 502 1402 242,
519 1338 552 1387 19
571 1335 637 1387 ante
655 1333 748 1403 όγγιον
767 1332 831 1386 add.
847 1334 940 1400 μεῖζον
954 1333 1010 1402 door
1025 1331 1092 1403 φαί-

79 1431 161 1468 νεται
178 1414 210 1468 ιδ
231 1418 280 1469 ΓΔ
297 1422 347 1469 τοῦ
365 1417 423 1468 ΓΒ.
451 1411 487 1467 ιὰ
506 1410 619 1482 μείζονα
639 1413 745 1469 ἑαυτῶν
765 1412 881 1481 οίόγιενα
899 1421 949 1468 τοῦ
969 1413 1092 1482 ὄμματος

78 1492 246 1561 προσιόντος
264 1491 476 1559 ἐπανξοίνεσθαι
494 1495 617 1548 δοκοῦσι.
646 1492 696 1548 καί
713 1491 749 1546 τὰ
767 1493 946 1564 αὐξανόμενα
965 1494 1021 1563 ἄρα
1035 1504 1091 1550 τῶν

79 1576 211 1642 μεγεθῶν
238 1573 314 1638 δόξει
341 1571 534 1643 προσάγεσθαι
566 1577 603 1644 τῷ
632 1571 734 1640 ὄμματι
761 1571 862 1642 senil,
887 1580 952 1641 2023
979 1573 1010 1627 in
1037 1574 1092 1627 fine

78 1654 199 1727 uterque
216 1650 293 1716 τίίος
312 1651 408 1722 alippa
426 1651 461 1706 ιδι
479 1653 534 1720 πρὸ
548 1661 603 1706 τῶν
618 1651 740 1706 ὀπιιιιῶν
755 1650 923 1720 Εὐκλείδου,
941 1671 968 1722 p.
982 1658 1042 1721 166,
1058 1659 1091 1707 12

78 1731 329 1802 interpolationem
347 1731 451 1787 codicis
470 1732 496 1786 V
510 1735 556 1802 (m.
571 1734 637 1802 rec.)
654 1731 764 1801 habuit,
783 1750 809 1801 p.
824 1738 883 1801 164,
899 1739 932 1786 10
950 1732 1093 1802 propriam

78 1813 141 1883 (καί
168 1821 218 1884 τῆς
240 1818 298 1868 ΚΔ
320 1811 460 1882 ἐλάσσων).
501 1811 604 1866 habuit
627 1810 735 1866 scholia
755 1817 789 1865 10
813 1813 849 1881 (p.
870 1818 921 1866 666
943 1830 970 1866 n.
991 1815 1029 1881 1),
1058 1817 1092 1866 37

77 1896 117 1963 (p.
132 1898 186 1948 617
204 1911 231 1949 n.
246 1897 282 1964 2),
301 1887 334 1948 41
354 1896 390 1963 (p.
406 1899 457 1947 618
476 1892 546 1964 nl2)
564 1894 677 1961 praeter
692 1897 715 1961 7,
732 1896 773 1960 76,
788 1898 831 1960 86,
850 1908 923 1960 quae
942 1892 1092 1962 Gregorius

78 1972 112 2028 in
129 1975 239 2028 textum
257 1972 375 2043 recepit,
394 1989 429 2027 ea
448 1972 543 2026 omnia
561 1971 592 2025 in
610 1971 701 2026 Uatic.
722 1977 774 2025 262
793 1974 913 2027 exstant.

152 2052 338 2109 Schneiderus
357 2052 478 2121 denique
497 2052 629 2122 (Eclogae
642 2052 723 2121 phys.
738 2051 751 2104 I
766 2069 793 2120 p.
812 2055 963 2121 381-891)
982 2052 1092 2107 codices

76 2149 138 2189 non
155 2132 266 2202 habuit,
286 2133 335 2186 sed
349 2131 514 2202 Gregorium
533 2131 660 2200 sequItur
676 2130 775 2201 paucis
794 2130 900 2186 additis
915 2131 1091 2187 coniecturis.

563 2326 609 2381 IV.

453 2428 500 2480 De
519 2426 724 2489 catoptriois.

152 2531 248 2587 Etiam
265 2532 296 2586 in
309 2531 478 2602 Catoptricis
494 2531 608 2585 unicum
621 2530 836 2584 fundamentum
849 2528 982 2584 editionis
997 2532 1040 2583 est
1053 2529 1092 2599 V;

78 2614 147 2668 inde
160 2612 237 2667 enim
249 2612 355 2682 pendet
372 2631 398 2682 v,
417 2615 450 2666 ut
468 2629 552 2682 supra
570 2609 671 2680 p.XXI
689 2609 814 2680 exposui,
834 2627 867 2664 ex
885 2628 903 2663 v
921 2627 1015 2663 rursus
1029 2610 1093 2663 Mm

78 2693 202 2764 pendere
221 2695 377 2763 arguuntur
394 2693 456 2747 loco
474 2691 525 2746 illo
543 2709 570 2760 p.
586 2696 646 2759 314,
662 2697 686 2760 1,
706 2691 811 2759 dequo
826 2689 885 2743 dixi
900 2708 927 2759 p.
943 2689 1044 2758 xxm,
1064 2708 1092 2742 m

79 2772 158 2828 enim
175 2777 229 2829 ΑΕ
252 2773 351 2843 habet,
380 2774 409 2827 M
427 2789 494 2827 uero
513 2774 570 2827 ΔΕ
592 2786 683 2825 errore
706 2769 793 2825 latius
816 2771 957 2824 manante.
997 2772 1093 2823 tamen

79 2869 130 2908 eos
149 2852 271 2907 abiicere
289 2851 376 2922 nolui,
395 2854 427 2906 ut
444 2851 595 2906 manifesto
614 2850 782 2904 documento
800 2852 918 2919 pateret,
938 2848 1092 2917 quomodo

79 2931 265 3002 interpolatio
288 2931 319 2986 in
341 2931 385 2986 his
408 2930 549 3001 opusculis
573 2929 699 2984 studiose
721 2928 858 2984 lectitatis
881 2926 1033 2998 paullatim
1050 2925 1093 2980 in-

80 3015 227 3068 cresceret.
270 3012 300 3065 M
317 3029 374 3066 non
398 3029 432 3067 ex
454 3011 516 3082 ipso
534 3029 565 3080 v,
594 3009 644 3064 sed
665 3026 681 3063 c
701 3008 761 3064 cod.
780 3008 845 3062 Uat.
866 3013 916 3062 192
936 3005 1092 3076 descriptus

80 3096 134 3163 est,
152 3090 288 3162 quoniam
305 3111 332 3162 p.
348 3098 408 3161 288,
427 3098 443 3146 8
462 3088 582 3161 τρίγωνα
601 3107 665 3144 cum
683 3106 716 3144 eo
736 3087 854 3156 omittit;
874 3085 922 3140 cfr.
939 3104 966 3155 p.
982 3092 1042 3155 292,
1058 3093 1089 3140 21

81 3174 177 3245 ΒΖΔ]
195 3172 229 3242 V,
247 3174 316 3227 mut.
335 3171 366 3225 in
385 3177 436 3227 ΒΖ
452 3176 504 3226 ΖΔ
521 3191 558 3226 m.
577 3186 630 3225 rec.
650 3187 676 3238 v,
696 3172 779 3223 ΒΔΖ
798 3172 858 3235 192,
876 3166 918 3233 Μ,
939 3185 967 3236 p.
983 3172 1042 3233 296,
1057 3172 1091 3219 22

80 3252 142 3307 ίσαι
157 3284 190 3293 -
206 3257 240 3305 23
255 3248 366 3322 γωνίαι]
385 3251 418 3319 V,
439 3255 572 3319 6111192,
591 3249 633 3317 Μ;
660 3268 688 3319 p.
703 3253 764 3317 302,
779 3253 813 3301 26
836 3255 892 3302 τῶν
910 3245 1016 3318 ὄψεων]
1035 3246 1092 3314 Vv,

80 3362 296 3373 ——.—--

127 3420 251 3548 X‘ffilfr.
267 3420 302 3474 de
319 3420 403 3474 Petro
416 3420 591 3487 Montaureo,
610 3417 667 3472 alio
682 3416 743 3470 eius
757 3414 905 3485 discipulo,
924 3414 1093 3485 Apollonii

79 3511 109 3564 p.
209 3536 214 3547 .
