2416 3952
125 164 192 228 310
518 167 750 219 οΑΤοΡΤιαοΑ.

124 311 259 386 πλείους
282 312 357 394 ἔχον
379 320 448 376 τῶν
471 309 639 398 ἐνόπτρων
663 309 719 375 καὶ
742 313 824 376 ἔστω
847 312 885 376 τὸ
910 315 1013 377 ΑΒΔ
1034 315 1138 376 πολυ-

125 418 259 500 γώνιον,
283 415 338 483 καὶ
358 419 509 502 εἰλήφθω
533 419 570 482 τὸ
588 415 728 504 κέντρον
750 427 810 482 τοῦ
829 418 953 483 κύκλου
978 427 1039 482 τοῦ
1058 441 1139 504 γρα-

125 521 274 607 φομένου
305 522 380 610 περὶ
411 525 449 590 τὸ
481 525 679 607 πολύγωνον
709 526 746 590 τὸ
781 529 824 609 Θ,
857 523 913 590 καὶ
946 522 1002 589 ἀπ’
1033 524 1138 589 αὐτοῦ

126 629 375 714 ἐπεζεύχθωσαν
397 632 435 695 αί
458 633 529 714 ΘΓ,
551 635 623 714 ΘΕ,
644 636 717 715 ΘΔ,
738 635 811 715 ΘΒ,
832 636 893 698 ΘΑ
917 629 970 696 ἔπλ
993 632 1053 708 τὰς
1075 655 1140 713 γω-

89 746 105 794 5
124 739 208 820 νίας,
231 735 286 801 καὶ
304 740 579 823 προσκείσθωσαν
602 741 744 824 ἔνοπτρα
768 737 904 803 ἐπίπεδα
927 739 1011 824 πρὸς
1031 738 1161 823 ὀρθὰς

123 855 195 919 ταῖς
218 843 472 927 ἔπεζευγμέναις.
517 842 587 909 ε’πελ
610 840 673 910 οὖν
697 850 750 927 ίση
775 843 865 909 ἐστὶν
893 843 914 927 η
939 848 1005 908 ΖΛ
1031 847 1139 927 γωνία

122 958 161 1034 τῇ
185 953 271 1014 ΝΚ·
298 949 386 1035 ὀρθὴ
409 950 473 1037 γάρ
497 950 587 1016 ἐστιν
610 949 758 1036 ἑκατέρα·
787 945 835 1016 ὧν
857 951 878 1035 ἡ
902 956 941 1015 Ν
961 960 1001 1037 τῇ
1025 955 1058 1015 Λ
1083 957 1137 1034 ίση

124 1056 229 1139 ἐστίν,
257 1059 355 1141 λοιπη
379 1059 442 1142 ἄρα
465 1056 486 1140 ἡ
511 1062 538 1121 Ζ
561 1066 600 1142 τῇ
624 1060 659 1121 Κ
684 1063 738 1140 ἔση
762 1056 860 1123 ἐστίν.
905 1059 989 1122 ὥστε
1011 1056 1032 1140 ἡ
1057 1057 1138 1123 ἀνοί-

122 1167 237 1239 κλασις
259 1173 317 1247 τῆς
340 1155 408 1228 ΒΓ
425 1162 532 1242 ὄφεως
555 1162 608 1229 ἐπὶ
631 1165 668 1228 τὸ
691 1168 725 1227 Δ
748 1167 851 1229 ἔσται·
882 1164 939 1229 διδι
961 1165 1026 1250 γδιρ
1054 1171 1137 1230 ἔσων

71 1278 104 1327 10
123 1268 255 1351 γωνιῶν
269 1272 306 1335 αί
318 1269 512 1348 ἀνακλάσεις
525 1273 684 1353 γίνονται.
708 1271 832 1354 ὁμοίως
847 1267 884 1335 δέ
898 1271 1136 1354 δειχθήσονται

121 1374 176 1439 καὶ
200 1378 237 1441 αί
257 1379 340 1464 πρὸς
361 1389 431 1455 τοῖς
453 1383 500 1461 Δ,
519 1383 551 1442 Ε
577 1381 724 1461 σημείοις
750 1380 868 1460 γωνίαι
897 1383 966 1443 ἔσαι
996 1379 1033 1442 αί
1055 1380 1139 1461 πρὸς

122 1494 191 1558 τοῖς
214 1483 394 1570 ε’νόπτροις.
439 1485 460 1569 ἡ
483 1486 547 1571 ἄρα
566 1484 629 1550 ἀπὸ
652 1492 712 1549 τοῦ
736 1490 763 1550 Β
787 1484 932 1569 ὄμματος
955 1483 1034 1565 ὄψις
1057 1485 1137 1550 ιἰνα-

120 1589 269 1675 κλωμένη
292 1589 347 1656 καὶ
365 1599 597 1678 προσπεσοῦσα
615 1593 698 1677 πρὸς
715 1591 822 1656 πάντα
841 1592 882 1656 τδι
900 1594 1045 1679 ἔνοπτρα
1065 1590 1135 1677 ἥξει

122 1695 175 1762 ἐπὶ
198 1699 235 1762 τὸ
259 1704 300 1762 Α.

70 1864 103 1914 15
602 1857 653 1922 ιε’.

177 1980 271 2046 ’Ἐστι
295 1979 331 2046 δὲ
353 1981 409 2046 καὶ
432 1983 488 2046 διδι
510 1994 641 2068 κυρτῶν
665 1982 834 2069 ἐνόπτρων
857 1979 912 2046 καὶ
936 1982 993 2046 διὰ
1012 1985 1135 2047 κοίλων

124 2088 208 2152 ίδεῖν
233 2089 269 2151 τὸ
293 2089 384 2154 αὐτό.

189 2196 270 2257 ἔστω
295 2193 372 2279 γάρ,
396 2194 413 2259 ὄ
437 2196 490 2259 δεῖ
512 2196 610 2279 ἰδεῖν,
638 2197 675 2261 τὸ
698 2202 744 2282 Α,
772 2194 860 2279 ὄμμα
884 2192 920 2259 δὲ
943 2196 980 2260 τὸ
1006 2200 1052 2280 Β,
1081 2195 1135 2261 καὶ

122 2298 244 2383 ὁμοίως
275 2299 521 2386 ἀναγεγράφθω
553 2303 750 2385 πολύγωνον
783 2304 982 2387 ἰσόπλευρόν
1014 2325 1050 2367 τε
1081 2300 1135 2367 καὶ

69 2416 104 2464 20
124 2408 301 2489 ίσογώνιον
320 2407 357 2471 τὸ
372 2411 550 2492 ΑΒΓΔΕ,
568 2407 623 2473 καὶ
642 2409 724 2495 πρὸς
742 2419 812 2485 τοῖς
831 2412 867 2491 Γ,
883 2414 926 2491 Δ,
941 2413 972 2472 Ε
989 2413 1136 2493 σημείοις

123 2515 204 2577 ἔστω
229 2515 370 2600 ἔνοπτρα
391 2515 541 2598 ἐπίπεδα,
564 2514 626 2599 ἀφ’
647 2511 695 2580 ὧν
718 2515 834 2600 δρᾶται
855 2516 892 2580 τὸ
915 2521 958 2598 Α,
981 2516 1133 2601 καθάπερ

123 2618 299 2704 δέδεικται,
327 2619 382 2686 καλ
404 2626 615 2707 προσκείσθω
639 2624 770 2698 τούτοις
792 2627 887 2686 κοῖλα
910 2620 930 2704 ί]
953 2623 1060 2708 κυρτδι
1084 2626 1134 2688 ἔν-

193 2873 216 2921 1.
238 2866 306 2937 ἔχων
325 2885 350 2935 v,
375 2867 424 2920 sed
443 2884 511 2922 corr.
583 2868 651 2938 τῶν]
670 2875 725 2922 τῶν
744 2863 953 2937 ἐπιταχθέντων
973 2884 1009 2922 m.
1085 2863 1133 2922 καί

122 2970 155 2982 -
174 2939 360 3010 πολογίονιον]
378 2939 409 2993 τὸ
428 2943 564 2992 ΑΒΓΔΕ
582 2957 617 2993 m.
683 2944 707 2992 2.
727 2935 919 3008 γραφομένου]
941 2955 993 2992 om.
1014 2956 1051 2993 m.
1108 2944 1130 2992 3.

121 3008 200 3082 περί]
225 3006 271 3064 ἔπί
294 3010 354 3064 Mv.
445 3010 608 3080 πολύγωνον
628 3041 662 3048 -
681 3011 786 3134 αὐτοῦ]
809 3012 947 3063 ΑΒΓΔΕ
969 3009 1132 3079 πολύγωνον

121 3079 366 3150 περιγραφομένου
390 3081 439 3136 καλ
463 3081 528 3135 ἔστω
551 3081 582 3135 τδ
608 3084 632 3136 Θ
655 3081 704 3134 καλ
727 3081 767 3133 ἀπ
806 3088 856 3134 τοῦ
877 3083 902 3135 Θ
924 3077 1042 3149 κε’ντρου
1066 3082 1134 3149 πρὸς

121 3152 172 3216 τὰς
193 3162 242 3207 τοῦ
261 3157 398 3208 ΑΒΓΔΕ
419 3154 582 3223 πολυγώνου
602 3148 705 3223 γωνίας
722 3170 758 3206 m.
849 3151 1025 3223 πολύγωνον]
1049 3156 1132 3206 πολο-

122 3225 225 3294 γώνιον
244 3225 281 3293 Μ,
302 3224 377 3293 etv,
398 3224 447 3278 sed
466 3241 534 3279 corr.
606 3230 631 3278 4.
652 3223 682 3277 αἱ
718 3225 829 3278 εύθεῑαι
848 3222 878 3276 αλ
896 3223 933 3277 M.
995 3226 1057 3292 ΘΑ,
1073 3226 1132 3290 ΘΒ,

124 3299 187 3363 ΘΓ,
204 3298 263 3363 ΘΔ,
280 3298 335 3351 ΘΕ
353 3314 389 3349 m.
444 3296 491 3349 ἐπὶ
508 3295 558 3358 τὰς
577 3292 680 3365 γωνίας
711 3311 764 3348 om.
783 3312 819 3348 m.
880 3300 905 3348 6.
925 3291 1133 3364 ἔπιζενγμέναις

121 3367 183 3434 Vv3
205 3370 267 3434 ΘΓ,
283 3369 343 3435 ΘΔ,
359 3370 415 3422 ΘΕ
433 3386 469 3421 m.
535 3372 558 3421 λ.
580 3366 656 3437 ΝΚ]
675 3371 704 3420 Κ
720 3366 757 3434 Μ,
777 3366 841 3419 ΚΝ
856 3383 892 3418 m.
957 3370 981 3420 9.
1001 3373 1027 3420 Δ
1046 3365 1132 3437 ἔσται]

122 3444 159 3510 δκ
176 3456 213 3510 M.
273 3462 314 3510 12.
335 3455 468 3527 ὄμματος]
487 3455 520 3524 V,
541 3472 593 3510 om.
609 3455 702 3509 va,
763 3460 804 3508 13.
824 3455 1030 3526 προσπεσοῦσα]
1049 3471 1133 3523 προο-

121 3523 264 3581 πίπτονσα
283 3545 319 3580 m.
410 3533 452 3582 15.
473 3527 522 3599 ιε’]
541 3526 588 3597 νβ’
603 3526 659 3582 Vv.
747 3531 787 3579 16.
808 3524 950 3593 ἐνόπτρων
970 3557 1002 3566 -
1021 3523 1132 3596 κοίλων]
