2424 3944
131 181 197 244 254
470 192 474 200 ’
564 184 720 235 SCHOLIA

131 329 207 409 ἔχει,
221 325 388 392 τεθέντων
401 329 576 412 συμβαίνει
590 328 651 411 τήν
662 329 796 392 ἔκθεσιν
806 325 1003 412 ἐφαρμόζειν
1017 326 1143 403 αὐτοῖς·

131 431 187 497 καὶ
210 435 272 520 γὰρ
296 433 489 520 παράλλήλά
512 432 549 498 τέ
569 435 633 498 είσι
656 434 696 498 τά
719 436 876 518 τρίγωνα,
900 431 957 497 καὶ
980 434 1017 498 τὸ
1041 437 1144 498 BKA

131 543 295 625 τρίγωνον
318 547 506 606 πλεονεκτεῖ
526 550 571 628 τῷ
590 541 685 624 μήκει
707 551 775 604 τῶν
792 543 869 623 ΒΚ,
888 544 950 605 BA
973 552 1144 626 γραμμῶν,

131 650 189 710 καί
211 645 279 712 ἐστι
302 648 358 711 ὂιά
381 656 484 712 ταῦτα
507 653 581 712 ἴσον
604 647 641 711 τὸ
664 645 736 733 ἔτερ
747 696 827 710 .....

95 788 110 834 5
200 772 250 836 10.
285 769 429 855 Ἐπειῦή,
462 773 536 837 ὅσαι
569 771 611 835 ἀν
643 771 772 848 ἀκτῖνες
802 769 855 835 ἐπὶ
882 773 919 836 τὸ
948 775 1010 836 ΓΛ
1042 789 1144 858 προσ-

129 875 284 960 πέσωσιν,
308 876 461 965 ἐξώτεραι
484 882 614 944 ἔσονται
638 887 697 942 τοῦ
717 882 786 942 ΚΛ
808 879 852 963 μή
875 881 1144 963 προσπίπτουσαι

131 984 234 1070 αὐτῷ·
259 985 341 1049 ὥστε
363 984 428 1048 ὑπὸ
451 987 616 1049 πλειόνων
639 984 755 1070 ὁρᾶται
779 985 816 1049 τὸ
841 987 911 1049 ΓΔ.

198 1109 248 1172 11.
278 1107 375 1173 Ἀλλά
403 1110 557 1192 δηλονότι
582 1108 677 1195 μέχρι
700 1119 767 1173 τῶν
791 1113 837 1192 Κ,
856 1113 888 1173 Λ
914 1109 1068 1195 περάτων
1092 1109 1143 1175 έλ-

127 1219 253 1279 θοῦσαι
271 1218 448 1298 στήσονται
466 1213 521 1279 καί
540 1214 593 1299 ἐφ’
610 1213 728 1291 ἑαυτὰς
747 1214 1060 1297 ἀνακλασθήσονται

77 1336 110 1384 10
129 1324 355 1406 στήρίζουσιν,
387 1319 460 1387 ἀλλ’
490 1322 535 1398 ὡς
566 1328 670 1386 θ..τι
703 1319 772 1386 ἐπεὶ
800 1321 978 1407 ἐγγύτερόν
1005 1321 1076 1387 ἐστι
1105 1324 1143 1387 τὸ

127 1429 225 1491 ΒΓΔ
238 1432 412 1514 τρίγωνον,
422 1426 477 1492 καὶ
485 1431 635 1504 πλείονες
645 1429 736 1504 θύεις
748 1429 854 1516 τούτῳ
864 1437 1142 1513 προσπεσοῦνται,

126 1532 182 1598 καὶ
200 1533 395 1612 ἀκολούθως
414 1533 646 1621 ἀκριβέστερον
659 1534 871 1621 ὁραθήσεται,
890 1534 1040 1600 τουτέστι
1059 1541 1142 1620 μᾶλ-

128 1645 188 1705 λον
211 1641 231 1725 ή
254 1643 291 1707 τὸ
315 1641 427 1728 ἕτερον
451 1641 662 1727 ὁραθήσεται.

196 1767 244 1829 12.
278 1768 451 1831 Πλειόνων
474 1768 584 1843 ύήεων
605 1789 637 1849 p.
658 1765 735 1849 156,
755 1765 817 1849 23]
846 1767 878 1829 εί
898 1761 935 1830 δὲ
958 1764 1025 1830 ὑπὸ
1048 1771 1138 1832 πλει-

74 1888 107 1936 15
127 1873 215 1936 όνων
238 1874 358 1955 ὄψεων,
380 1870 436 1936 καὶ
458 1871 523 1936 ὑπὸ
546 1874 710 1936 πλειόνων
733 1882 873 1953 γωνιῶν.

505 2022 557 2087 Ad
579 2045 671 2108 prop.
695 2021 753 2087 ΠΙ.

195 2139 243 2202 13.
270 2137 368 2215 ’Ίσως
395 2145 480 2203 είποι
507 2162 558 2215 τις
585 2141 642 2222 ἀν,
675 2139 733 2221 ὡς,
766 2137 878 2222 ἐπειδή
907 2138 946 2202 ού
975 2141 1075 2222 μύναι
1103 2140 1139 2203 αί

23 2323 26 2329 .
125 2246 194 2324 ΒΓ,
212 2248 276 2307 BA
297 2248 561 2330 προσπίπτουσιν
585 2245 714 2321 ἀκτῖνες
736 2246 818 2331 πρὸς
840 2245 877 2309 τὸ
903 2247 963 2309 ΓΔ
985 2243 1136 2328 μέγεθος,

125 2347 208 2413 ἀλλά
226 2348 280 2414 καί
299 2352 396 2415 ἀλλαι
414 2355 563 2415 πλεῖσται
580 2348 700 2434 μεταξύ
720 2362 787 2416 τῶν
806 2354 843 2434 Γ,
858 2355 900 2433 Δ,
924 2351 978 2415 ὅτε
996 2349 1135 2434 ἀφιστα-

72 2471 107 2520 20
125 2454 227 2540 μένου
259 2466 319 2521 τοῦ
348 2460 408 2521 ΓΔ
439 2455 602 2541 μεγέθους
630 2456 670 2522 ού
697 2460 876 2522 πίπτουσιν
905 2457 942 2521 αί
967 2460 1046 2541 ΒΓ,
1069 2462 1136 2522 ΒΛ

124 2561 263 2647 ἀκτῖνες,
280 2572 545 2649 προσπεσοῦνται
560 2565 597 2629 αί
608 2561 727 2648 μεταξὺ
742 2572 802 2627 τοῦ
816 2561 918 2648 μέσου
932 2574 1135 2648 προσπεσοῦ

124 2684 179 2732 σαι
202 2669 339 2746 ἀκτῖνες.
376 2662 512 2753 λέγομεν
538 2665 600 2735 οὖν
621 2670 705 2755 πρὸς
727 2669 786 2733 τὸν
805 2668 891 2733 ούτω
911 2668 1134 2755 ἀπορήσαντα,

124 2775 184 2858 ὅτι,
199 2777 230 2840 εί
242 2773 297 2839 καί
310 2777 393 2861 πρὸς
402 2777 521 2861 μικρὸν
536 2775 757 2860 ἀφεστηκότος
770 2783 830 2839 τοῦ
841 2778 903 2839 ΓΛ
916 2774 1081 2859 μεγέθους
1095 2777 1132 2842 ού

123 2886 371 2967 προσβαλοῦσιν
390 2883 427 2946 αί
442 2885 516 2965 ΒΓ,
535 2887 598 2947 ΒΔ
621 2881 759 2965 ἀκτῖνες,
783 2879 855 2946 ἀλλ’
877 2883 913 2946 αί
933 2880 1055 2966 μεταξὺ
1074 2891 1132 2947 τοῦ

70 3002 104 3050 25
123 2987 236 3072 μέσου,
254 2987 309 3053 καὶ
324 2986 376 3053 ἐπὶ
389 2994 544 3053 πλεῖστον
559 2988 780 3073 ἀφεστηκότος
794 2996 854 3052 τοῦ
867 2989 1022 3054 τοιούτου
1041 2988 1132 3074 μεγέ-

121 3101 208 3173 θους
231 3093 304 3160 οὐδ’
325 3097 362 3159 αι’
381 3093 502 3180 μεταξὺ
525 3104 584 3159 τοῦ
608 3094 710 3179 μέσου
735 3103 1000 3181 προσπεσοῦνται
1020 3097 1077 3160 ὃιά
1095 3097 1131 3161 τὸ

121 3203 348 3267 πλατύνεσθαι
371 3203 408 3267 τὸ
431 3199 550 3286 μεταξὺ
574 3212 641 3266 τῶν
660 3202 821 3266 τοιούτων
840 3203 949 3280 ὄψεων
968 3203 1131 3287 ἀιάστήμα

194 3347 234 3396 10.
258 3341 453 3408 VM¹FRqst
476 3341 569 3410 (adp.
591 3346 650 3410 156,
670 3344 722 3410 23).
815 3346 856 3396 11.
880 3340 926 3394 V2.
1019 3347 1061 3394 12.
1085 3341 1129 3395 R1.

157 3418 198 3467 13.
218 3412 455 3481 ΒίΜΑΓήιεῖυ,
474 3412 539 3467 Vass.
554 3431 590 3466 m.
606 3416 640 3482 2).

115 3576 120 3585 .
192 3543 279 3591 8-10
297 3554 354 3590 non
372 3536 515 3605 intellegO.
590 3543 631 3590 17.
652 3535 1041 3608 είποι]Μοτ,είπήΒΡτῖ.
