2424 3944
139 181 205 247 300
542 185 774 237 CATOPTRIGA.

205 330 288 393 ἔστω
315 327 417 393 πόλιν
443 327 551 411 βάθος
576 324 637 412 μὲν
660 329 697 393 τὸ
721 333 803 411 EA,
836 330 1000 415 ἔνοπτρον
1021 326 1060 394 δὲ
1083 328 1149 394 ἐπί-

138 444 241 508 πεδον
272 445 310 508 τδ
342 447 422 527 ΑΓ,
454 446 541 527 όμμα
574 440 610 508 δὲ
641 446 679 509 τὸ
709 450 756 527 A,
1120 458 1150 532 Θ

138 559 231 634 ὄψεις
267 555 304 623 δὲ
336 561 373 623 αί
402 562 482 642 ΔΓ,
509 563 576 623 AB
608 559 755 624 ἀνακλώ-

137 696 233 756 μεναι
263 672 314 738 ἐπὶ
338 675 377 739 τὰ
401 678 444 757 Ε,
465 679 502 738 Ζ.
546 674 667 758 ὁμοίως
689 687 756 740 τῶν

103 791 248 865 ὀόψεων
271 789 498 872 ἑκβληθεισῶν
521 788 573 854 ἐπὶ
596 791 636 854 τὰ
663 794 705 872 Θ,
724 794 759 854 Κ
815 762 844 818 Δ
1112 787 1144 842 Α

137 918 289 988 φανεῖται
318 906 354 969 τὸ
382 901 443 988 μὲν
466 910 497 969 Ε
523 905 610 969 κάτω
639 903 679 968 ὂν
702 901 755 968 ἐπὶ
1114 951 1139 1001 Ζ

1111 642 1150 689 K

136 1028 196 1083 τοῦ
222 1023 251 1084 Θ
274 1021 343 1084 ἄνω
367 1022 477 1103 ὄντος,
507 1021 544 1084 τὸ
568 1016 605 1084 δὲ
629 1024 656 1083 Ζ
684 1021 753 1084 ἅνω

137 1135 177 1199 δν
200 1133 253 1199 ἐπὶ
276 1143 336 1199 τοῦ
359 1138 394 1198 Κ
418 1133 505 1200 κάτω
530 1137 634 1211 ὄντος.
834 1160 861 1218 Δ
1102 1159 1136 1211 Ε

621 1372 664 1430 η.

86 1481 118 1530 10
209 1472 255 1535 Τὰ
278 1472 347 1554 ὕψη
373 1470 428 1536 καὶ
456 1474 496 1536 τὰ
519 1472 609 1555 βάθη
639 1472 703 1538 ἀπὸ
729 1482 796 1538 τῶν
818 1483 950 1558 κυρτῶν
978 1470 1151 1559 ἐνόπτρων

137 1586 383 1672 ἀνεστραμμένα
407 1591 569 1671 φαίνεται.

204 1706 285 1768 ἔστω
308 1703 395 1781 ὕψος
417 1705 454 1768 τὸ
478 1709 559 1786 ΑΕ,
587 1706 749 1788 ἕνοπτρον
772 1700 809 1768 δὲ
831 1704 955 1790 κυρτὸν
978 1705 1016 1768 τὸ
1041 1707 1148 1787 ΑΔΓ,

136 1820 229 1896 ὄψεις
251 1815 288 1883 δὲ
311 1821 348 1883 αἱ
368 1823 441 1902 BA,
461 1822 529 1883 ΒΓ
551 1818 779 1903 ἀνακλώμεναι
807 1817 860 1884 ἐπὶ
883 1821 923 1883 τὰ
945 1824 990 1902 Ε,
1012 1823 1050 1884 Θ.
1097 1818 1146 1884 δέ-

136 1935 274 2017 δεικται,
309 1935 359 1999 ότι
386 1935 427 1999 οὐ
455 1944 709 2018 συμπεσοῦνται.
765 1936 805 1999 τὰ
832 1931 869 1999 δὲ
897 1936 996 2000 λοιπὰ
1026 1934 1147 2019 ὁμοίως

84 2061 116 2108 15
136 2061 206 2125 τοῖς
230 2049 266 2114 ἐν
288 2062 358 2127 τοῖς
381 2050 556 2127 ἐπιπέδοις.

203 2168 284 2230 ἔστω
308 2167 409 2230 πόλιν
431 2168 538 2250 βάθος
561 2169 597 2232 τὸ
617 2172 693 2250 ΑΕ,
716 2169 878 2252 ἔνοπτρον
901 2163 938 2231 δὲ
961 2167 1087 2253 κυρτὸν
1109 2168 1145 2231 τὸ

135 2284 167 2342 A
174 2282 210 2362 Γ,
234 2281 321 2363 όμμα
340 2278 376 2344 δὲ
394 2283 431 2346 τὸ
449 2285 489 2365 B,
512 2283 605 2359 ὄψεις
628 2278 665 2346 δὲ
684 2281 912 2366 ἀνακλώμεναι
931 2280 984 2346 ἐπὶ
1003 2283 1044 2347 τοὶ
1063 2287 1102 2365 Ε,
1118 2287 1146 2346 (θ

134 2397 172 2459 αἱ
192 2398 304 2479 ΒΓΕ,
324 2401 387 2462 BA
395 2401 431 2461 Θ.
477 2397 517 2461 τοὶ
545 2393 582 2461 δὲ
610 2397 709 2462 λοιπὰ
735 2396 886 2481 καθάπερ
916 2395 952 2461 ἐν
979 2409 1049 2474 τοῖς
1077 2398 1143 2463 ἐπι-

133 2511 256 2587 πέδοις.

80 2630 114 2679 20
616 2615 664 2683 θ’.

206 2745 253 2807 Τδι
275 2743 397 2826 πλάγια
420 2747 506 2827 μήκη
530 2743 593 2808 ἀπὸ
616 2755 684 2809 τῶν
708 2742 872 2809 ἐπιπέδων
895 2743 1078 2829 ἐνόπτρων,
1103 2745 1145 2820 ὡς

133 2859 173 2935 τῇ
196 2849 337 2936 ἀληθείᾳ
360 2853 435 2933 ἔχει,
459 2850 547 2915 οὕτω
570 2848 625 2914 καὶ
649 2855 811 2930 φαίνεται.

132 2976 166 2983 .-

205 3039 228 3087 1.
249 3033 360 3104 ιβ’δῑν.
444 3035 506 3104 ΕΑ]
525 3038 578 3087 ΑΕ
596 3052 632 3088 m.
724 3041 748 3090 2.
768 3032 800 3089 δὲ
818 3035 849 3089 τὸ
869 3036 906 3106 A]
926 3051 979 3088 0111.
998 3052 1035 3090 m.
1117 3038 1139 3087 4.

131 3104 205 3159 Ante
225 3101 327 3173 ὁμοίως
345 3104 410 3158 add.
430 3107 534 3159 οὐκοῦν
552 3123 589 3160 m.
608 3121 662 3160 rec.
682 3105 714 3161 V.
788 3103 890 3174 ὁμοίως
904 3137 937 3146 -
952 3111 977 3160 5.
998 3105 1142 3177 ἐκβληθει-

133 3177 200 3247 τῶν]
229 3177 334 3230 οὐκοῦν
357 3174 546 3246 ἑκβληθειοῶν
575 3173 675 3244 ὁμοίως
697 3186 753 3231 τῶν
777 3176 872 3247 ὄψεων
896 3174 940 3231 ἐπ’
963 3174 1080 3239 εὐθείας
1106 3194 1140 3230 m.

168 3252 192 3302 ὁ.
211 3247 285 3301 Ante
305 3244 351 3301 ἐπί
370 3247 434 3301 add.
455 3245 499 3300 ἐπ’
517 3245 632 3310 εὐθείας
649 3266 685 3302 m.
704 3264 757 3302 rec.
777 3248 810 3303 V.
902 3253 926 3303 6.
951 3246 997 3320 όν]
1020 3265 1089 3302 corr.
1110 3263 1142 3300 ex

132 3315 171 3372 ὥν
190 3335 226 3372 m.
246 3323 261 3371 2
281 3335 306 3372 v.
399 3323 421 3373 7.
447 3318 518 3389 ἅνω]
537 3317 612 3373 davd?
630 3319 668 3373 M.
759 3325 783 3374 8.
808 3319 853 3391 όν]
876 3317 909 3374 δν
927 3327 977 3373 τοῦ
997 3323 1023 3373 Ε
1041 3337 1082 3387 m,
1106 3337 1141 3371 m.

130 3403 184 3443 rec.
204 3388 237 3444 V.
327 3389 396 3444 Post
415 3389 496 3452 ὄντος
514 3390 577 3445 add.
597 3399 647 3444 τοῦ
669 3393 700 3445 Θ.
733 3389 769 3444 τὰ
788 3390 843 3459 ἄρα
862 3389 923 3461 ὕψη
941 3391 990 3444 καὶ
1008 3389 1044 3444 τὰ
1062 3387 1141 3461 βάθη

131 3459 188 3514 ἀπὸ
210 3469 266 3514 τῶν
285 3458 426 3515 ἐπιπέδων
450 3461 592 3529 ἐνόπτρων
615 3460 827 3530 ἀνεστραμμένα
852 3459 985 3532 φαίνεται
1006 3480 1043 3515 m.
1118 3465 1141 3514 9.

130 3529 305 3601 η’]ιηἽΤτ.
371 3533 574 3603 12.ΑΕ]ΑΘ
592 3533 662 3587 Mm.
723 3539 764 3588 13.
785 3534 845 3604 BA]
864 3533 894 3586 in
912 3549 965 3587 ras.
981 3533 1014 3602 V,
1036 3537 1091 3586 ΒΓ
1106 3550 1140 3586 m.

72 3574 172 3716 k
