2424 3944
311 123 522 174 OPTICORUM
540 124 719 175 RECENSIO
738 123 904 175 THEONIS.
1051 121 1099 184 15

168 267 212 331 sit
236 267 321 332 enim
345 266 458 331 oculus
481 271 520 352 Β,
543 271 692 332 cernatur
716 271 825 332 autem
850 270 917 331 ΓΔ.
957 266 1028 330 dieo
1051 266 1112 352 igi·

96 377 164 458 tur,
188 378 249 439 ΓΔ
270 374 306 438 in
328 374 468 458 quadam
492 374 647 438 distantia
669 374 814 458 positum
836 373 990 437 neniam
1014 374 1110 437 cerni.

96 485 240 566 ponatur
255 481 340 544 enim
356 483 417 545 ΓΛ
430 480 466 544 in
480 480 634 545 distantia
649 479 724 565 [def.
736 479 769 563 1]
786 480 950 545 radiorum
964 480 1055 544 uelut
1069 484 1109 544 K.

96 587 209 670 itaque
238 589 278 652 ad
307 591 341 651 K
366 588 475 652 nullus
502 587 611 652 radius
640 591 710 651 aB
739 586 872 651 adsidet.
928 609 1042 652 uerum
1070 588 1110 651 ad

97 695 187 777 quod
219 694 302 758 radii
334 716 401 759 non
433 695 600 778 adridunt,
630 694 664 757 id
694 716 762 758 non
790 693 932 758 cernitur
965 693 1039 778 [def.
1065 697 1108 775 3].

97 821 176 885 ergo
206 801 329 886 omnia,
357 823 438 885 quae
466 806 655 887 cernuntur,
682 800 921 886 longitudinem
949 801 1109 885 quandam

97 907 271 972 distantiae
294 907 424 992 habent,
447 908 504 972 ubi
528 930 603 972 eum
624 908 733 992 posita
756 912 845 993 sunt,
867 930 932 973 non
955 907 1021 972 iam
1045 929 1110 972 cer-

94 1019 227 1078 1111111111.

589 1142 620 1205 4.

163 1263 422 1351 Longitudinum
441 1265 625 1349 aequalium
642 1265 679 1328 in
692 1266 803 1329 eadem
817 1270 906 1330 reeta
918 1265 1109 1351 positarum,

96 1393 180 1455 quae
204 1394 221 1436 e
246 1371 402 1436 distantia
424 1371 546 1436 maiore
571 1376 755 1454 1111111111111,
778 1371 919 1436 minores
943 1373 1107 1457 adparent.

587 1478 653 1542 sint
677 1477 764 1543 enim
783 1478 933 1562 aequales
952 1483 1023 1563 ΒΓ,
1039 1483 1107 1563 ΓΔ,

95 1573 123 1629 Β
211 1575 248 1627 Γ
329 1572 358 1650 Al
402 1631 404 1636 ,
454 1587 480 1638 Ζ
522 1589 604 1669 ΛΖ,
641 1584 753 1649 oeulus
791 1589 900 1648 autem
933 1584 976 1649 sit
1009 1588 1053 1669 K,
1089 1609 1108 1649 a

518 1712 581 1774 quo
616 1691 766 1755 adeidant
798 1690 882 1756 radii
916 1694 995 1775 ΚΒ,
1031 1695 1107 1775 ΚΓ,

517 1802 599 1884 ΚΔ,
625 1802 700 1883 ΚΖ;
736 1801 802 1863 ΚΒ
831 1802 938 1862 autem
972 1798 1012 1862 ad
1045 1803 1108 1863 ΒΖ

516 1904 790 1990 perpendicularis
825 1905 876 1970 sit.
936 1906 1003 1970 iam
1031 1928 1108 1990 quo·

516 2012 605 2076 niam
639 2012 674 2076 in
711 2013 876 2100 triangulo
915 2014 1106 2100 rectangulo

516 2123 619 2185 KBZ
652 2121 801 2205 aequales
831 2125 907 2186 sunt
934 2125 1007 2207 ΒΓ,
1036 2125 1106 2205 ΓΔ,

516 2227 1105 2314 ΔΖ,11111Ε>Η,1Η>Θ.

516 2356 594 2420 ergo
617 2338 686 2399 ΒΓ
711 2335 817 2399 maius
846 2335 980 2420 adparet
1008 2356 1105 2417 quam

514 2444 588 2526 ΓΛ,
626 2444 688 2505 ΓΛ
722 2446 830 2506 autem
868 2441 971 2505 maius
1007 2463 1106 2524 quam

512 2551 592 2610 ΔΖ.

585 2761 614 2808 0.

164 2861 406 2950 Magnitudines
439 2869 588 2952 aequales
625 2868 838 2954 inaequaliter
871 2869 1028 2934 distantes
1059 2867 1107 2932 in·

93 2970 247 3053 aequales
271 2972 440 3059 adparent,
464 2979 496 3039 et
520 2997 646 3060 semper
669 2976 787 3062 maior,
812 2998 893 3061 quae
918 2976 1011 3040 oculo
1033 2997 1107 3060 pro·

88 3077 165 3161 pior
188 3082 247 3142 est.

92 3241 252 3250 ——.-.

91 3348 151 3398 ΔΖ
171 3345 235 3400 add.
254 3355 310 3400 τῶν
329 3345 385 3414 ἄρα
400 3349 528 3416 μεγεθῶν
547 3345 593 3400 ἐπὶ
611 3355 659 3415 τῆς
678 3348 762 3416 αὐτῆς
781 3345 896 3409 εὐθείας
915 3345 1003 3402 ὄντων
1021 3344 1057 3400 τὰ
1075 3345 1105 3402 ἐκ

88 3412 435 3556 ῗγλγεείῖἔῑςνὰποστήματος
454 3417 581 3486 ὁρώμενα
596 3416 696 3472 ἐλάττω
711 3416 843 3488 φαίνεται
859 3438 894 3474 m.
910 3434 963 3507 ree.
974 3418 1007 3474 V.
1062 3423 1104 3473 25.
