2424 3944
420 159 590 210 EUOLIDIS
609 158 746 210 OPTICA.
1045 155 1088 220 95

79 324 161 386 quae
186 301 405 367 continebitur
429 302 488 366 sub
512 301 586 367 uuo.
624 301 829 386 contingetur
852 304 961 365 autem
985 301 1025 364 ab
1049 300 1090 382 by

77 411 174 492 recta,
199 409 350 491 quoniam
379 408 463 473 sicut
485 407 527 491 ty
551 409 592 472 ad
611 427 667 493 92,
692 407 741 472 ita
760 427 803 490 pa
826 408 866 471 ad
886 408 940 489 yd.
984 407 1090 471 iaceat

77 536 156 578 uero
173 515 285 580 oculus
300 515 428 598 superb
446 519 612 599 punctum,
631 518 663 578 et
683 513 840 577 adiciatur
855 513 897 577 db
915 516 1021 576 rectae
1037 511 1088 576 dt.

80 621 299 707 coniungatur
336 626 445 686 autem
477 622 528 687 sd.
590 621 692 706 igitur
725 619 868 704 aequalis
898 621 920 701 f
952 618 1089 704 angulus

79 729 200 814 angulo
228 749 257 815 ες
288 729 323 792 in
355 729 466 793 eadem
498 727 583 792 enim
615 727 765 812 portione
798 731 881 790 sunt.
938 730 970 790 et
998 730 1048 789 est
1074 745 1090 789 s
1126 734 1142 784 5

79 834 219 920 angulus
243 835 362 921 angulo
387 835 404 899 b
428 835 539 899 maior.
577 839 609 898 et
630 836 652 916 f
670 855 747 919 ergo
771 833 909 918 angulus
934 831 1053 917 angulo
1073 831 1090 895 b

79 941 184 1005 maior
211 945 269 1005 est.
320 941 413 1006 oculo
442 963 519 1026 ergo
549 962 644 1025 super
670 960 688 1006 a
716 939 873 1004 existente
901 938 1006 1003 maius
1037 952 1091 1021 ap-

78 1052 173 1133 paret
195 1047 242 1112 td
264 1069 359 1132 quam
383 1048 527 1132 superb.

149 1224 239 1288 Idem
263 1229 372 1289 autem
396 1224 566 1310 contingit,
589 1228 622 1287 et
645 1223 673 1288 si
695 1223 867 1308 parallelos
887 1222 986 1286 fuerit
1004 1228 1091 1287 recta

78 1331 167 1394 linea
190 1331 220 1394 ei
243 1353 324 1414 quae
347 1330 477 1394 uidetur
499 1329 725 1415 magnitudini.
1110 1340 1143 1388 10

150 1442 220 1502 esto
250 1459 330 1520 quae
358 1437 488 1501 uidetur
515 1436 706 1522 magnitudo
734 1437 777 1500 ub
805 1439 838 1500 et
866 1434 1030 1498 diuidatur
1057 1433 1092 1496 in

80 1545 145 1608 duo
161 1543 308 1628 aequalia
327 1544 367 1607 ad
385 1564 400 1607 e
418 1547 585 1628 punctum,
604 1546 636 1606 et
650 1542 861 1626 protrahatur
880 1542 920 1605 ab
935 1562 951 1605 e
969 1540 1092 1624 magni-

609 1648 715 1714 tudini
734 1649 799 1713 obe
817 1645 1090 1733 perpendicularis

609 1775 655 1840 ea,
674 1754 711 1817 in
730 1776 793 1837 qua
812 1754 924 1818 oculus
942 1773 960 1818 a
978 1753 1092 1836 iaceat,

610 1865 643 1926 et
662 1860 900 1945 coniungantur
917 1880 970 1945 zu,
987 1860 1036 1943 ab,
1060 1862 1092 1922 et
1111 1872 1144 1921 15

610 1968 811 2032 describatur
836 1966 921 2032 circa
944 1966 1009 2031 aab
1037 1965 1092 2029 tri-

611 2096 732 2160 gonum
750 2074 859 2159 portio
879 2074 952 2157 aab,
976 2076 1008 2137 et
1029 2077 1093 2136 tra-

610 2180 708 2245 hatur
720 2203 778 2265 per
791 2200 809 2246 a
823 2179 1039 2266 magnitudini
1050 2179 1092 2243 ab

610 2287 782 2371 parallelos
805 2288 862 2371 ad,
891 2290 924 2350 et
947 2288 1093 2351 transeat

503 2346 539 2406 B
612 2394 723 2458 oculus
739 2415 835 2477 super
848 2395 878 2478 d,
896 2397 929 2458 et
945 2392 1092 2457 accidant
1111 2409 1145 2458 20

80 2497 165 2562 radii
188 2500 244 2584 od,
262 2499 313 2563 db.
351 2499 433 2584 dico,
457 2499 609 2581 quoniam
633 2500 799 2585 apunctis
823 2501 887 2584 da
909 2497 1092 2582 inaequalia

80 2606 293 2690 apparebunt.
337 2605 554 2691 coniungatur
577 2608 622 2670 oc'.
670 2605 823 2691 quoniam
846 2627 923 2691 ergo
948 2602 1091 2686 aequalis

152 2796 212 2867 rig.
233 2797 343 2865 falsam,
362 2814 447 2864 quam
462 2813 477 2850 e
491 2798 517 2851 V
535 2797 600 2851 dedi
620 2798 737 2854 Studien
750 2817 777 2868 p.
794 2804 853 2868 121,
873 2813 941 2851 corr.
951 2794 1092 2849 Weissen-

78 2869 152 2923 born
170 2867 272 2924 Philol.
291 2868 365 2922 XLV
382 2886 408 2937 p.
425 2874 466 2923 57.

152 3051 177 3100 4.
198 3045 404 3115 coniungantur
422 3045 460 3100 D.
550 3053 573 3101 9.
594 3046 690 3119 fuerit]
709 3046 780 3100 facit
797 3047 835 3100 D.
923 3051 964 3100 12.
983 3043 1091 3113 magni-

78 3116 182 3172 tudine
200 3118 238 3172 D.
312 3122 353 3171 14.
374 3118 418 3188 ez]
437 3131 490 3185 aaz
509 3118 546 3172 D.
619 3125 661 3174 22.
683 3118 889 3186 coniungantur
906 3117 944 3170 D.

78 3295 130 3350 voc'
146 3314 181 3350 m.
194 3295 283 3349 ovat.
341 3301 381 3350 16.
398 3292 504 3365 μεγέθη
519 3314 543 3350 v.
601 3302 643 3351 20.
659 3295 707 3350 καὶ
720 3313 809 3363 capey.
821 3326 854 3334 -
865 3300 906 3347 21.
922 3298 999 3348 ΑΖΒ
1010 3292 1092 3363 (alt.)]

79 3384 136 3435 mg.
156 3384 193 3420 m.
214 3371 229 3419 1
248 3384 284 3420 m.
357 3371 400 3420 21.
419 3370 497 3420 AZB
508 3368 580 3438 (pr.)]
600 3371 651 3421 AZ
668 3385 693 3420 v.
756 3366 860 3436 τμῆμα]
879 3372 971 3434 τμῆμα
991 3364 1093 3418 κύκλου

78 3437 208 3505 Vat.¹m‚
232 3436 262 3489 in
280 3455 335 3506 mg.
356 3438 420 3491 add.
440 3438 543 3492 κύκλου
562 3456 597 3492 m.
617 3445 633 3490 2
652 3438 684 3491 V.
767 3443 809 3491 22.
834 3437 925 3507 aava]
945 3436 975 3489 in
993 3453 1047 3490 raa.
1066 3452 1092 3489 v,

116 3515 159 3564 23.
181 3507 236 3576 dua
254 3526 279 3563 v.
352 3507 396 3580 τό]
415 3516 463 3563 τοῦ
482 3509 579 3564 Vatv,
652 3515 693 3564 26.
713 3509 785 3579 ΑΗ]
805 3507 906 3562 inraa.
921 3508 954 3563 V.
