2424 3944
479 186 710 238 CATOPTRIGA.
1031 185 1096 249 309

84 333 164 392 sunt
183 328 329 415 singulae
349 329 496 416 singulis,
519 334 552 394 et
570 337 591 405 l,
606 333 708 394 ΒΓΦ
726 333 833 394 rectus
854 331 973 416 angulo
992 332 1098 394 ΣΓΦ

83 439 176 499 recto
205 436 345 519 aequalis
374 441 438 521 est,
471 441 505 501 et
531 436 647 519 reliqui
672 436 783 521 anguli
810 435 943 520 reliquis
968 436 1097 522 angulis

84 541 236 626 aequales
256 547 361 629 erunt,
384 543 444 608 sub
464 542 581 628 quibus
600 542 703 607 latera
722 543 869 627 aequalia
888 544 1098 628 subtendunt,

759 655 822 725 [Β
839 682 879 702 --·
894 655 936 735 Σ,
959 649 1042 723 ΞΞ
1063 653 1096 714 Τ.

756 779 869 821 uerum
903 764 923 832 L
947 760 977 820 T
992 789 1032 808 =
1048 761 1088 821 Ν
1089 782 1097 841 3

758 885 834 926 nam
869 865 909 928 ad
941 864 1098 928 uerticem

756 969 856 1053 positi
881 975 970 1055 sunt3
999 992 1097 1054 quare

757 1075 856 1140 etiam
906 1084 926 1152 L
946 1082 986 1142 N
1000 1109 1041 1130 =
1062 1076 1097 1150 Ξ.

757 1182 867 1266 itaque
895 1184 1004 1248 radius
1035 1187 1064 1247 Β
1071 1183 1101 1256 Ξ

759 1290 798 1353 ad
826 1293 870 1353 M
892 1289 1097 1375 refringatur.

758 1416 870 1459 rursu·
895 1396 1050 1478 quoniam

564 1574 577 1581 ,
821 1505 890 1565 ΘΚ
902 1533 942 1553 --
958 1504 1040 1584 ΚΛ,

684 1647 717 1700 Σ
758 1611 791 1671 et
810 1607 922 1692 anguli
938 1608 977 1671 ad
992 1611 1027 1671 K
1041 1629 1098 1691 po·

760 1712 817 1777 siti
835 1713 915 1778 recti
932 1717 1017 1797 sunt,
1037 1713 1099 1777 erit

86 1828 107 1897 L
124 1826 153 1886 0
169 1853 209 1874 =
226 1827 268 1885 Π.
305 1820 415 1904 itaque
433 1820 519 1885 idem
537 1819 646 1885 radius
665 1818 778 1892 ΒΞΜ
792 1820 832 1883 ad
851 1824 881 1883 P
899 1820 1097 1904 refringitur.

86 1929 199 1994 eadem
218 1929 256 1992 de
276 1949 373 1992 eausa
388 1927 541 1992 etiamad
556 1933 597 2011 A,
616 1925 700 2010 quia,
718 1930 756 1989 ut
770 1925 805 1989 in
818 1926 951 2011 reliquis
971 1927 1099 1989 demon-

87 2034 311 2120 strationibus,
329 2032 544 2099 demonstrari
558 2037 676 2117 potest,
695 2055 765 2097 esse
784 2040 805 2108 l,
822 2037 913 2098 ZPA
928 2063 969 2085 =
984 2036 1098 2097 EPM.

86 2162 165 2226 ergo
185 2140 293 2206 radius
314 2141 399 2206 oculi
414 2145 442 2204 B
461 2140 566 2204 tribus
586 2140 726 2224 speculis
740 2140 847 2225 planis
863 2144 895 2205 Γ
890 2146 932 2226 Δ,
945 2146 978 2205 Δ
983 2143 1020 2223 Ε,
1035 2145 1098 2204 ΕΖ

87 2246 191 2312 cernit
214 2253 254 2310 A.

569 2390 617 2454 14.

154 2512 246 2578 Licet
279 2516 388 2576 autem
420 2511 536 2598 etiam,
574 2517 781 2597 quotcunque
819 2514 957 2596 speculis
992 2514 1099 2598 planis

90 2619 250 2703 iubemur,
268 2620 354 2684 idem
370 2640 512 2705 cernere3
532 2623 662 2703 oportet
677 2624 786 2684 autem
801 2621 978 2684 secundum
989 2642 1100 2685 nume·

88 2749 161 2791 rum
194 2727 399 2812 speculorum
430 2725 631 2810 polygonum
663 2725 897 2810 aequilaterum
930 2731 962 2792 et
993 2727 1101 2811 acqui-

89 2834 246 2920 angulum
261 2838 449 2898 construere
458 2832 561 2896 latera
569 2831 694 2898 habens
706 2834 831 2898 duobus
841 2832 936 2918 plura
951 2833 1099 2917 speculis,

157 2940 200 3004 sit
219 2939 305 3003 enim
319 2945 351 3003 A
369 2939 413 3025 id,
436 2939 522 3022 quod
541 2939 630 3003 cerni
650 2945 788 3025 oportet,
807 2940 919 3005 oculus
939 2944 1048 3004 autem
1061 2943 1101 3024 B,

88 3052 121 3112 et
149 3047 286 3110 ducatur
309 3049 391 3130 AB,
422 3048 455 3109 et
483 3044 518 3107 in
544 3048 610 3108 AB
638 3046 839 3131 polygonum
867 3044 1100 3130 aequilaterum

88 3159 122 3218 et
153 3151 405 3237 aequiangulum
438 3154 647 3215 construatur
682 3153 785 3217 latera
817 3152 939 3217 habens
972 3153 1099 3217 duobus

90 3397 245 3464 ἐπιτάξειεν
272 3399 342 3452 Mm.
434 3403 475 3452 18.
505 3397 586 3452 αὐτό·
615 3399 674 3468 δεῖ]
704 3395 735 3452 δέ
762 3398 798 3452 M.
889 3395 936 3469 δέ]
965 3397 1001 3466 δή
1027 3398 1098 3454 Mm.

101 3478 103 3482 ’
125 3472 256 3539 ἀριθμῶν
274 3487 332 3523 mv.
406 3474 447 3523 19.
467 3469 508 3541 τε]
529 3485 614 3538 supra
633 3486 683 3524 scr.
703 3487 738 3522 m.
812 3474 853 3523 20.
875 3468 943 3540 ἔχων
962 3486 987 3524 v,
1056 3475 1100 3526 22.

88 3541 137 3597 καὶ
156 3540 366 3612 ἀναγεγράφθω
385 3540 442 3595 ἀπὸ
461 3549 510 3610 τῆς
528 3546 550 3594 A
557 3545 579 3594 Β
597 3558 633 3594 m.
707 3545 749 3594 23.
768 3541 808 3613 τε]
829 3557 912 3610 supra
931 3557 980 3595 scr.
1000 3559 1035 3595 m.
