2424 3944
462 161 633 213 Etchmls
651 161 790 214 0ch.

598 356 662 422 λα’.

195 489 262 549 Τοῦ
285 480 322 548 ὃέ
344 485 488 567 ὄμματος
510 485 623 566 ἔγγιον
644 481 799 559 τεθέντος
822 481 860 547 ἐν
881 491 927 570 τῷ
950 480 1040 569 αὐτῷ
1065 479 1132 545 έπι-

122 590 222 679 πέὸςο,
241 591 277 655 έν
296 583 323 677 ᾧ
342 589 432 654 ἔστιν
450 587 582 672 ἡβώσις
595 597 654 653 τοῦ
668 590 791 672 κώνου,
808 590 944 653 ἔλαττον
961 583 1023 672 μέν
1041 589 1133 652 ἔσται

123 700 161 763 τὸ
183 697 248 761 ὑπὸ
276 706 344 761 τῶν
370 698 481 773 ὄψεων
508 694 873 780 ἐμπεριλαμβανόμενοι)
900 692 1012 781 μέρος,
1045 691 1133 771 δόξει

88 802 161 868 5θέ
182 805 292 887 μειῒον
315 803 469 889 ὁρᾶσθαι.

190 911 272 974 ἔστω
296 920 417 993 κῶνος,
444 904 486 973 οὗ
507 909 604 992 βάσις
625 905 687 992 μέν
710 908 728 973 ὁ
751 912 817 973 ΑΒ
840 908 975 991 κύκλος,
1002 905 1134 991 κορυφὴ

123 1013 160 1080 ὄέ
182 1017 220 1081 τὸ
240 1019 272 1080 Γ
289 1026 435 1099 σημεῖον,
458 1016 545 1099 ὄμμα
569 1011 605 1079 ὃέ
628 1017 711 1079 ἔστω
730 1015 767 1079 τὸ
786 1020 829 1098 Δ,
851 1011 907 1078 καὶ
925 1014 1078 1097 εἰλήφθω
1097 1013 1133 1077 τὸ

123 1121 262 1209 κέντρον
288 1130 349 1186 τοῦ
376 1122 500 1186 κύκλου
528 1122 565 1186 τὸ
594 1125 639 1204 Λ,
671 1119 726 1186 καὶ
754 1120 939 1204 ἐπεζεύχθω
970 1119 1088 1184 εὐθεῖα
1114 1117 1134 1202 ἡ

123 1233 204 1313 ΔΛ,
224 1227 278 1294 καὶ
292 1245 393 1314 προσ-
1071 1246 1074 1251 ·

71 1351 106 1401 10
154 1334 362 1400 πιπτέτωσαν

123 1442 253 1520 ἀκτῖνες
269 1443 307 1507 αί
317 1446 392 1524 ΔΛ,

124 1555 206 1635 ΔΒ,
237 1549 292 1615 καὶ
322 1549 392 1615 έπε-

124 1657 391 1742 ζεόχθωσαν[αί]
431 1615 472 1674 Δ

145 1763 285 1851 πλευραὶ
310 1774 370 1829 τοῦ
483 1776 487 1784 “

72 1885 105 1933 15
123 1872 234 1935 κώνου
260 1872 297 1934 αί
317 1877 349 1934 Α
355 1875 392 1953 Γ,

125 1979 202 2042 ΓΒ.
269 1976 392 2040 οὐκοῦν

122 2083 189 2147 ὑπὸ
213 2091 273 2145 τοῦ
295 2088 328 2146 Δ
351 2084 494 2166 ὄμματος
516 2079 571 2146 καὶ
594 2094 661 2147 τῶν
685 2087 761 2165 ΔΛ,
779 2087 846 2147 ΔΒ
874 2084 984 2159 ὄψεων
1006 2080 1139 2167 ἐμπερι-

125 2188 325 2272 λαμβάνεται
361 2189 398 2253 τὸ
430 2191 544 2254 ΑΒΓ
574 2187 673 2274 μέρος
704 2198 764 2253 τοῦ
795 2190 923 2271 κώνου,
958 2189 1017 2252 καί
1047 2187 1139 2252 ἔστιν

125 2297 262 2359 ἔλαττον
288 2294 481 2379 ἡμικωνίου.
535 2299 740 2379 μετακείσθω
773 2297 815 2379 δὴ
843 2296 880 2360 τὸ
909 2296 996 2379 ὄμμα
1024 2296 1139 2377 ἔγγιον

71 2415 106 2465 20
124 2399 179 2466 καὶ
193 2404 276 2466 ἔστω
289 2404 327 2467 τὸ
341 2407 380 2485 Ε,
399 2400 454 2467 καὶ
467 2401 761 2483 προσπιπτέτωσαν
775 2401 904 2477 ἀκτῖνες
918 2402 955 2465 αί
965 2405 1041 2484 ΕΖ,
1055 2404 1137 2483 ΕΗ,

126 2507 182 2573 καὶ
206 2508 455 2593 ἐπεζεύχθωσαν
477 2510 515 2573 αί
534 2507 674 2593 πλευραὶ
696 2509 734 2572 αί
752 2512 822 2591 ΖΓ,
842 2511 917 2572 ΓΗ.
954 2506 1056 2571 πάλιν
1075 2501 1139 2572 οὖν

126 2615 442 2702 έμπεριλαμβιίνεται
461 2614 526 2680 ὑπὸ
545 2623 605 2680 τοῦ
619 2620 651 2679 Ε
667 2617 811 2698 ὄμματος
829 2612 965 2678 καὶτῶν
978 2617 1054 2696 ΕΖ,
1068 2616 1143 2677 ΕΗ

125 2724 235 2800 ὄψεων
258 2724 294 2787 τὸ
319 2725 425 2786 ΖΓΗ
448 2720 546 2806 μέρος
573 2730 632 2786 τοῦ
654 2722 776 2786 κώνου.
821 2723 890 2785 ἔστι
914 2716 950 2784 δέ
972 2719 1010 2783 τὸ
1036 2721 1142 2784 ΖΓΗ

125 2838 185 2893 τοῦ
204 2832 309 2893 ΑΒΓ
327 2832 480 2893 ἔλασσον
505 2829 599 2892 δοκεῖ
619 2825 656 2891 δέ
678 2830 788 2911 μεῖζον
807 2830 999 2911 φαίνεσθαι,
1023 2823 1139 2909 ἐπειδὴ

72 2946 106 2997 25
125 2938 242 3020 μείζων
261 2933 351 3000 ἔστὶν
369 2933 390 3017 ἡ
408 2935 473 3000 ὑπὸ
489 2939 595 2998 ΖΕΗ
609 2937 716 3017 γωνία
733 2942 791 3017 τῆς
805 2932 871 2998 ὑπὸ
885 2938 951 2997 ΛΔ
957 2936 984 2996 Β
1003 2934 1139 3015 γωνίας.

192 3043 339 3128 φανερὸν
362 3040 413 3125 δέ,
441 3042 492 3106 ὄτι
519 3039 575 3106 καὶ
602 3039 655 3104 ἐπὶ
681 3041 791 3105 κώνου
814 3039 879 3104 ὑπὸ
903 3049 970 3104 τῶν
993 3038 1057 3103 δύο
1080 3038 1140 3122 ὄμ-

125 3148 237 3232 μοίτων
264 3147 434 3236 ὁρωμένου
461 3149 664 3233 συμβήσεται
686 3147 727 3211 τὰ
753 3144 805 3210 ἐπὶ
828 3154 887 3229 τῆς
913 3148 1059 3229 σφαίρας
1081 3142 1138 3210 καὶ

125 3263 185 3318 τοῦ
207 3255 389 3341 κυλίνδρου
412 3265 479 3319 τῶν
503 3255 625 3339 ὁμοίως
647 3251 825 3339 ὁρωμένων
848 3255 1086 3336 συμβαίνοντα.

125 3381 191 3388 —--
198 3383 338 3390 ..m—-

197 3452 220 3500 1.
243 3447 303 3517 λα’]
327 3447 368 3500 λε’
387 3446 421 3515 V,
447 3447 490 3517 κγ’
510 3447 606 3501 Vat.v.
697 3451 721 3499 2.
749 3442 792 3517 θεΊ
817 3461 869 3498 om.
889 3443 947 3513 Bv,
973 3461 1009 3498 m.
1030 3449 1047 3496 2
1071 3443 1139 3498 Vat.

161 3515 267 3589 ἔγγιον]
287 3534 355 3574 corr.
375 3533 409 3572 ex
428 3517 535 3587 ἔγγειον
552 3518 586 3587 V,
605 3520 639 3571 ut
655 3516 704 3571 lin.
725 3522 766 3570 19.
848 3513 991 3586 τεθέντος]
1010 3511 1141 3570 τέθειται
