2424 3944
122 171 187 238 196
332 174 542 227 omcomm
560 174 739 228 εεοπυειο
757 175 926 228 mom.

123 321 194 401 ΓΒ,
214 321 281 382 ΓΚ
302 317 458 383 ἐπίπεδον
481 316 709 402 ἐκβεβλήσθω,
739 318 796 382 διὰ
819 315 857 382 δέ
879 327 947 383 τών
970 321 1050 402 ΔΒ,
1070 321 1144 382 ΔΚ

122 421 245 509 ὁμοίως
276 423 390 511 ἕτερον
426 423 582 489 ἐπίπεδον
618 423 839 509 ἐκβεβλήσθω.
899 424 1025 490 οὐκοῦν
1058 416 1142 510 συμ-

121 542 267 596 πεσεῖται
287 531 341 616 [τὰ
356 530 522 615 ἐπίπεδα]·
546 531 584 595 αί
598 554 633 595 τε
651 532 715 615 γὰρ
735 534 807 614 ΓΒ,
822 537 856 596 Δ
861 535 891 596 Β
913 535 1143 616 συμπίπτουσι

51 658 55 665 ’
121 637 177 703 καὶ
200 639 238 703 αί
257 641 332 721 ΓΚ,
350 640 428 701 ΚΛ.
466 635 742 721 συμπιπτέτωσαν
764 632 827 702 οὖν
849 637 890 701 τὰ
913 636 1064 723 ἐπίπεδα,
1087 636 1143 703 καὶ

87 747 204 809 οὲστω
228 745 338 808 αὐτῶν
365 745 461 827 κοινή
488 745 571 828 τομή
596 741 617 825 ή
640 746 716 808 ΒΚ.
762 741 862 828 λέγω,
890 744 956 827 ὄτι,
984 744 1072 809 ὄπου
1097 743 1140 808 ὄν

122 848 175 914 ἐπὶ
194 858 255 932 τής
277 852 347 913 ΒΚ
373 857 456 935 τεθή
478 852 516 915 τὸ
540 848 644 934 ὄμμα,
672 856 747 915 ἴσον
773 859 834 915 τοῦ
856 851 968 916 κώνου
993 852 1032 915 τὸ
1057 847 1144 935 ὁρώ-

124 979 225 1040 μενον
249 959 411 1039 φαίνεται.

188 1065 313 1127 κείσθω
342 1064 405 1148 γὰρ
435 1061 489 1127 ἐπὶ
516 1072 573 1145 τής
600 1067 670 1127 ΒΚ
695 1064 731 1128 τὸ
762 1068 790 1127 Ζ
824 1061 929 1148 ὄμμα,
960 1061 1017 1128 καὶ
1044 1064 1142 1147 ήχθω

123 1169 179 1233 διὰ
207 1178 267 1233 τοῦ
293 1173 320 1232 Ζ
351 1168 441 1254 παρὰ
467 1165 528 1252 μέν
550 1170 612 1252 τήν
635 1173 707 1233 ΚΔ
733 1170 754 1253 ή
779 1174 861 1253 ΖΝ,
893 1169 982 1255 παρὰ
1011 1167 1049 1233 δὲ
1082 1172 1144 1254 τήν

71 1285 105 1334 10
124 1277 193 1338 ΓΚ
220 1273 241 1356 ή
278 1278 352 1337 ΖΣ.
412 1272 537 1338 οὐκοῦν
569 1275 606 1338 αλ
638 1278 720 1358 ΖΝ,
745 1279 814 1338 ΖΣ
847 1283 905 1358 τῆς
936 1284 996 1339 τοῦ
1029 1277 1142 1342 κώνου

125 1380 318 1465 ἐπιφανείας
348 1381 431 1446 κατὰ
462 1380 503 1445 τὰ
534 1384 584 1464 Ν,
611 1385 647 1444 Σ
682 1380 897 1465 ἐφάπτονται·
934 1383 975 1448 τὰ
1007 1384 1073 1470 γὰρ
1108 1384 1144 1450 έν

124 1498 163 1572 τῇ
200 1491 229 1550 Β
241 1490 306 1551 ΓΛ
347 1495 407 1551 τοῦ
443 1488 554 1551 κώνου
597 1485 772 1575 ἐπιφανείᾳ
813 1499 881 1553 τῶν
918 1492 1143 1574 παραλλήλων

123 1594 257 1658 κύκλων
283 1595 433 1678 τμήματα
460 1593 557 1678 ὅμοιοί
584 1592 683 1658 ἐστιν.
737 1595 779 1660 τὰ
810 1596 875 1678 ἄρα
907 1593 943 1659 ἐν
972 1598 1147 1680 τῇΒΛΓ

124 1709 184 1765 τοῦ
203 1700 313 1765 κώνου
333 1698 509 1786 ἐπιφανείᾳ
522 1700 726 1784 διαστήματα
740 1697 891 1786 ὁρώμενα
907 1706 962 1765 ἴσα
977 1705 1141 1785 φαίνεται.

73 1817 106 1867 15
126 1805 195 1872 ἐπεὶ
217 1807 281 1892 γὰρ
302 1812 355 1889 ίσή
375 1805 476 1889 ἐστίν,
498 1805 541 1888 ήν
564 1805 775 1892 περιέχουσιν
794 1808 831 1872 αί
848 1812 919 1891 ΖΣ,
939 1812 1013 1891 ΖΝ,
1036 1810 1141 1890 γωνία

124 1922 163 1997 τῇ
187 1910 400 1998 περιεχομένῃ
423 1912 488 1978 ὑπὸ
511 1924 579 1977 τῶν
604 1917 689 1997 ΚΔ,
708 1916 788 1997 ΚΓ,
817 1919 891 1978 ίσον
918 1912 961 1978 ἄν
984 1918 1139 1998 φαίνοιτο

124 2022 162 2085 τὸ
177 2023 253 2083 ΣΝ
267 2018 429 2102 διάστημα
448 2028 509 2083 τοῦ
528 2020 639 2084 κώνου
658 2029 704 2106 τῷ
720 2023 793 2085 ΛΓ
810 2020 1016 2104 διαστήματι.
1055 2018 1138 2087 ὥσθ’

126 2126 210 2189 ὄπου
233 2123 276 2188 ὄν
298 2125 335 2188 τὸ
359 2123 447 2209 ὄμμα
470 2132 553 2211 τεθή
576 2124 629 2190 ἐπὶ
652 2135 710 2208 τής
730 2129 796 2190 ΚΒ
820 2126 968 2211 εὐθείας,
994 2133 1071 2193 ίσον
1094 2125 1140 2193 ἀεὶ

125 2242 279 2315 φανεῖται
301 2231 338 2295 τὸ
362 2228 545 2317 ὁρώμενον.

74 2384 109 2434 20
602 2370 665 2456 λχ’.

183 2496 278 2562 ’Ίσον
297 2493 333 2561 δὲ
352 2495 402 2562 ἀεὶ
425 2506 485 2563 τοῦ
504 2496 648 2582 ὄμματος
669 2498 732 2563 ἀπὸ
751 2507 811 2563 τοῦ
828 2500 940 2565 κώνου
964 2500 1140 2586 ἀπέχοντος

128 2605 295 2689 μετεώρου
318 2600 378 2687 μὲν
400 2613 461 2669 τοῦ
485 2602 630 2689 ὄμματος
651 2603 807 2682 τεθέντος
829 2608 970 2672 ἔλασσον
989 2613 1139 2693 φαίνεται

127 2719 188 2775 τοῦ
211 2711 321 2776 κώνου
344 2712 382 2775 τὸ
406 2711 586 2797 ὁρώμενον,
609 2710 843 2799 ταπεινοτέρου
866 2711 905 2778 δέ
926 2717 1047 2798 μεῖζον.

195 2820 277 2882 ἔστω
305 2819 368 2904 γὰρ
396 2818 507 2883 κώνου
534 2821 666 2905 κορυφή
693 2815 754 2903 μὲν
777 2821 860 2904 πρὸς
881 2828 928 2908 τῷ
952 2827 987 2885 Δ
1010 2825 1140 2910 σημείφ,

75 2934 109 2982 25
128 2923 225 3007 βώσις
243 2920 280 2987 δὲ
299 2923 316 2989 ὁ
336 2927 404 2988 ΒΓ
421 2926 551 3008 κύκλος,
573 2924 628 2990 καὶ
647 2927 740 3009 ήχθω
760 2926 781 3009 ἡ
800 2929 835 2989 Κ
839 2929 867 2990 Θ
884 2926 974 3012 παρὰ
993 2929 1057 3011 τήν
1072 2933 1139 3010 ΒΔ,

201 3104 224 3152 1.
249 3097 421 3168 ἐκεβλήσθω,
446 3116 530 3167 supra
550 3116 600 3153 scr.
621 3101 650 3170 β,
669 3100 702 3154 V.
794 3107 818 3155 3.
843 3099 879 3154 τὰ
898 3098 1034 3174 ἐπίπεδα]
1060 3120 1138 3174 supra

130 3187 180 3223 ser.
200 3170 234 3238 V,
253 3185 347 3223 renou.
367 3188 402 3224 m.
422 3186 477 3224 ree.
559 3175 583 3225 ὁ.
604 3170 640 3225 ὄν
672 3169 699 3224 δ’
718 3170 754 3225 ἄν
772 3172 853 3241 va.
941 3176 966 3227 8.
990 3174 1023 3246 Z]
1043 3178 1139 3244 postea

130 3241 181 3295 ins,
201 3259 236 3295 m.
254 3248 267 3294 1
287 3241 321 3294 V.
412 3247 435 3296 9.
461 3242 550 3311 Supra
569 3260 647 3310 παρα
661 3245 723 3312 (pr.)
747 3242 811 3298 add.
830 3241 893 3310 ήτοι
911 3241 1090 3315 παράλληλος
1106 3264 1138 3300 m.

130 3329 182 3366 rec.
202 3312 235 3367 V.
310 3312 399 3381 Supra
417 3311 495 3380 πυροί
509 3313 580 3383 (alt.)
599 3314 663 3368 add.
683 3311 857 3383 παράλληλος
875 3332 911 3370 m.
931 3330 986 3369 rec.
1006 3316 1039 3371 V.
1101 3322 1138 3371 10.

132 3382 322 3454 ΓΚ]ἰυεοε.
341 3384 375 3438 V.
453 3391 494 3439 13.
515 3384 571 3439 ἐστι
588 3403 615 3454 p.
694 3391 735 3439 16.
756 3387 831 3458 ΚΓ]
849 3389 914 3439 ΚΝ
928 3403 956 3454 p.
1032 3393 1129 3459 17.τῷ

131 3470 198 3507 corr.
219 3470 253 3506 ex
271 3455 302 3508 τό
320 3473 356 3509 m.
378 3461 391 3507 1
411 3456 444 3510 V.
527 3463 568 3510 18.
593 3456 641 3527 ἄν]
662 3473 729 3511 corr.
750 3473 784 3510 ex
803 3463 821 3508 ἆ
840 3475 876 3511 m.
896 3463 912 3512 2
931 3456 965 3512 V.
1049 3458 1128 3515 25.6

132 3523 229 3592 ὁπερὶ
247 3525 298 3593 τήν
317 3526 349 3579 V.
