<?xml version="1.0" encoding="UTF-8"?>
<!DOCTYPE html PUBLIC "-//W3C//DTD XHTML 1.0 Transitional//EN"
    "http://www.w3.org/TR/xhtml1/DTD/xhtml1-transitional.dtd">
<html xmlns="http://www.w3.org/1999/xhtml" xml:lang="en" lang="en">
 <head>
  <title>
</title>
<meta http-equiv="Content-Type" content="text/html;charset=utf-8" />
  <meta name='ocr-system' content='tesseract 3.04.00' />
  <meta name='ocr-capabilities' content='ocr_page ocr_carea ocr_par ocr_line ocrx_word'/>
</head>
<body>
  <div class='ocr_page' id='page_1' title='image "./euclidisoperaom01unkngoog_0250.png"; bbox 0 0 2424 3944; ppageno 0'>
   <div class='ocr_carea' id='block_1_1' title="bbox 304 151 1101 232">
    <p class='ocr_par' dir='ltr' id='par_1_1' title="bbox 304 151 1101 232">
     <span class='ocr_line' id='line_1_1' title="bbox 304 151 1101 232; baseline 0.01 -24"><span class='ocrx_word' id='word_1_1' title='bbox 304 155 513 209; x_wconf 78' lang='lat' dir='ltr'>orrrcoauu</span> <span class='ocrx_word' id='word_1_2' title='bbox 530 154 709 209; x_wconf 73' lang='lat' dir='ltr'>aremare</span> <span class='ocrx_word' id='word_1_3' title='bbox 727 155 893 208; x_wconf 76' lang='lat' dir='ltr'>rancura.</span> <span class='ocrx_word' id='word_1_4' title='bbox 1034 151 1101 232; x_wconf 42' lang='lat'>,187</span> 
     </span>
    </p>
   </div>
   <div class='ocr_carea' id='block_1_2' title="bbox 95 297 1102 490">
    <p class='ocr_par' dir='ltr' id='par_1_2' title="bbox 95 297 1102 490">
     <span class='ocr_line' id='line_1_2' title="bbox 95 297 1102 384; baseline -0.003 -20"><span class='ocrx_word' id='word_1_5' title='bbox 95 299 212 365; x_wconf 86' lang='lat' dir='ltr'>ductus</span> <span class='ocrx_word' id='word_1_6' title='bbox 236 298 306 364; x_wconf 88' lang='lat' dir='ltr'>erit.</span> <span class='ocrx_word' id='word_1_7' title='bbox 345 319 422 384; x_wconf 80' lang='lat' dir='ltr'>ergo</span> <span class='ocrx_word' id='word_1_8' title='bbox 443 297 717 383; x_wconf 80' lang='lat' dir='ltr'><strong>hemisphaerium</strong></span> <span class='ocrx_word' id='word_1_9' title='bbox 735 302 864 363; x_wconf 88' lang='lat' dir='ltr'>tantum</span> <span class='ocrx_word' id='word_1_10' title='bbox 883 297 1037 383; x_wconf 74' lang='lat' dir='ltr'>sphaerae</span> <span class='ocrx_word' id='word_1_11' title='bbox 1061 297 1102 363; x_wconf 87' lang='lat' dir='ltr'>ab</span> 
     </span>
     <span class='ocr_line' id='line_1_3' title="bbox 95 405 490 490; baseline -0.008 -19"><span class='ocrx_word' id='word_1_12' title='bbox 95 405 200 471; x_wconf 79' lang='lat' dir='ltr'>oculis</span> <span class='ocrx_word' id='word_1_13' title='bbox 224 410 262 490; x_wconf 89' lang='lat' dir='ltr'>Z,</span> <span class='ocrx_word' id='word_1_14' title='bbox 280 409 311 469; x_wconf 90' lang='grc' dir='ltr'><em>Λ</em></span> <span class='ocrx_word' id='word_1_15' title='bbox 334 409 490 470; x_wconf 74' lang='lat' dir='ltr'><strong>cernetur.</strong></span> 
     </span>
    </p>
   </div>
   <div class='ocr_carea' id='block_1_3' title="bbox 94 565 1103 861">
    <p class='ocr_par' dir='ltr' id='par_1_3' title="bbox 94 565 1103 861">
     <span class='ocr_line' id='line_1_4' title="bbox 573 565 625 628; baseline -0.038 0"><span class='ocrx_word' id='word_1_16' title='bbox 573 565 625 628; x_wconf 81' lang='lat'>26.</span> 
     </span>
     <span class='ocr_line' id='line_1_5' title="bbox 164 667 1103 753; baseline -0.004 -19"><span class='ocrx_word' id='word_1_17' title='bbox 164 667 199 734; x_wconf 86' lang='lat' dir='ltr'>Si</span> <span class='ocrx_word' id='word_1_18' title='bbox 218 669 373 734; x_wconf 74' lang='lat' dir='ltr'><strong>distantia</strong></span> <span class='ocrx_word' id='word_1_19' title='bbox 391 669 559 734; x_wconf 86' lang='lat' dir='ltr'>oculorum</span> <span class='ocrx_word' id='word_1_20' title='bbox 577 669 734 734; x_wconf 87' lang='lat' dir='ltr'>diametro</span> <span class='ocrx_word' id='word_1_21' title='bbox 753 668 906 753; x_wconf 76' lang='lat' dir='ltr'><strong>sphaerae</strong></span> <span class='ocrx_word' id='word_1_22' title='bbox 925 667 1029 731; x_wconf 88' lang='lat' dir='ltr'>maior</span> <span class='ocrx_word' id='word_1_23' title='bbox 1044 670 1103 753; x_wconf 80' lang='lat' dir='ltr'>est,</span> 
     </span>
     <span class='ocr_line' id='line_1_6' title="bbox 94 772 1101 861; baseline -0.003 -21"><span class='ocrx_word' id='word_1_24' title='bbox 94 797 179 860; x_wconf 87' lang='lat' dir='ltr'>quae</span> <span class='ocrx_word' id='word_1_25' title='bbox 202 774 344 840; x_wconf 90' lang='lat' dir='ltr'>cernitur</span> <span class='ocrx_word' id='word_1_26' title='bbox 365 797 440 860; x_wconf 92' lang='lat' dir='ltr'>pars</span> <span class='ocrx_word' id='word_1_27' title='bbox 463 776 628 861; x_wconf 77' lang='lat' dir='ltr'><strong>sphaerae,</strong></span> <span class='ocrx_word' id='word_1_28' title='bbox 651 773 755 840; x_wconf 86' lang='lat' dir='ltr'>maior</span> <span class='ocrx_word' id='word_1_29' title='bbox 773 774 835 838; x_wconf 89' lang='lat' dir='ltr'>erit</span> <span class='ocrx_word' id='word_1_30' title='bbox 854 772 1101 858; x_wconf 86' lang='lat' dir='ltr'>hemisphaerio.</span> 
     </span>
    </p>
   </div>
   <div class='ocr_carea' id='block_1_4' title="bbox 89 879 1106 3300">
    <p class='ocr_par' dir='ltr' id='par_1_4' title="bbox 162 879 1101 967">
     <span class='ocr_line' id='line_1_7' title="bbox 162 879 1101 967; baseline -0.001 -22"><span class='ocrx_word' id='word_1_31' title='bbox 162 880 207 946; x_wconf 92' lang='lat' dir='ltr'>sit</span> <span class='ocrx_word' id='word_1_32' title='bbox 230 881 315 946; x_wconf 87' lang='lat' dir='ltr'>enim</span> <span class='ocrx_word' id='word_1_33' title='bbox 338 881 488 967; x_wconf 86' lang='lat' dir='ltr'>sphaera,</span> <span class='ocrx_word' id='word_1_34' title='bbox 516 882 606 947; x_wconf 88' lang='lat' dir='ltr'>euius</span> <span class='ocrx_word' id='word_1_35' title='bbox 629 886 776 946; x_wconf 78' lang='lat' dir='ltr'>centrum</span> <span class='ocrx_word' id='word_1_36' title='bbox 800 880 843 945; x_wconf 90' lang='lat' dir='ltr'>sit</span> <span class='ocrx_word' id='word_1_37' title='bbox 866 883 912 965; x_wconf 88' lang='lat' dir='ltr'>K,</span> <span class='ocrx_word' id='word_1_38' title='bbox 935 879 1101 945; x_wconf 87' lang='lat' dir='ltr'>oculorum</span> 
     </span>
    </p>

    <p class='ocr_par' dir='ltr' id='par_1_5' title="bbox 93 978 1101 1072">
     <span class='ocr_line' id='line_1_8' title="bbox 93 978 1101 1072; baseline -0.004 -19"><span class='ocrx_word' id='word_1_39' title='bbox 93 992 205 1053; x_wconf 89' lang='lat' dir='ltr'>autem</span> <span class='ocrx_word' id='word_1_40' title='bbox 232 978 388 1052; x_wconf 86' lang='lat' dir='ltr'>distantia</span> <span class='ocrx_word' id='word_1_41' title='bbox 411 989 454 1052; x_wconf 88' lang='lat' dir='ltr'>sit</span> <span class='ocrx_word' id='word_1_42' title='bbox 477 991 544 1052; x_wconf 98' lang='grc' dir='ltr'>ΒΓ</span> <span class='ocrx_word' id='word_1_43' title='bbox 566 988 668 1053; x_wconf 86' lang='lat' dir='ltr'>maior</span> <span class='ocrx_word' id='word_1_44' title='bbox 692 987 849 1052; x_wconf 85' lang='lat' dir='ltr'>diametro</span> <span class='ocrx_word' id='word_1_45' title='bbox 873 986 1039 1072; x_wconf 89' lang='lat' dir='ltr'>sphaerae,</span> <span class='ocrx_word' id='word_1_46' title='bbox 1068 989 1101 1050; x_wconf 91' lang='lat' dir='ltr'>et</span> 
     </span>
    </p>

    <p class='ocr_par' dir='ltr' id='par_1_6' title="bbox 696 1091 1100 1179">
     <span class='ocr_line' id='line_1_9' title="bbox 696 1091 1100 1179; baseline -0.01 -21"><span class='ocrx_word' id='word_1_47' title='bbox 696 1116 754 1179; x_wconf 89' lang='lat' dir='ltr'>per</span> <span class='ocrx_word' id='word_1_48' title='bbox 790 1097 825 1158; x_wconf 90' lang='lat' dir='ltr'><strong><em>K</em></strong></span> <span class='ocrx_word' id='word_1_49' title='bbox 859 1097 892 1157; x_wconf 92' lang='lat' dir='ltr'>et</span> <span class='ocrx_word' id='word_1_50' title='bbox 928 1095 996 1156; x_wconf 98' lang='grc' dir='ltr'>ΒΓ</span> <span class='ocrx_word' id='word_1_51' title='bbox 1029 1091 1100 1176; x_wconf 86' lang='lat' dir='ltr'>pla-</span> 
     </span>
    </p>

    <p class='ocr_par' dir='ltr' id='par_1_7' title="bbox 696 1198 1101 1282">
     <span class='ocr_line' id='line_1_10' title="bbox 696 1198 1101 1282; baseline -0.002 -19"><span class='ocrx_word' id='word_1_52' title='bbox 696 1222 774 1264; x_wconf 90' lang='lat' dir='ltr'>num</span> <span class='ocrx_word' id='word_1_53' title='bbox 792 1199 989 1282; x_wconf 85' lang='lat' dir='ltr'>producatur</span> <span class='ocrx_word' id='word_1_54' title='bbox 1012 1203 1045 1262; x_wconf 87' lang='lat' dir='ltr'>et</span> <span class='ocrx_word' id='word_1_55' title='bbox 1065 1198 1101 1262; x_wconf 88' lang='lat' dir='ltr'>in</span> 
     </span>
    </p>

    <p class='ocr_par' dir='ltr' id='par_1_8' title="bbox 697 1304 1106 1389">
     <span class='ocr_line' id='line_1_11' title="bbox 697 1304 1106 1389; baseline 0 -21"><span class='ocrx_word' id='word_1_56' title='bbox 697 1304 833 1389; x_wconf 90' lang='lat' dir='ltr'>sphaera</span> <span class='ocrx_word' id='word_1_57' title='bbox 842 1304 1106 1369; x_wconf 82' lang='lat' dir='ltr'>circulumAZN</span> 
     </span>
    </p>

    <p class='ocr_par' dir='ltr' id='par_1_9' title="bbox 696 1410 1100 1496">
     <span class='ocr_line' id='line_1_12' title="bbox 696 1410 1100 1496; baseline -0.002 -21"><span class='ocrx_word' id='word_1_58' title='bbox 696 1410 833 1496; x_wconf 87' lang='lat' dir='ltr'>efficiat,</span> <span class='ocrx_word' id='word_1_59' title='bbox 869 1410 1013 1493; x_wconf 78' lang='lat' dir='ltr'>rarh&#39;ique</span> <span class='ocrx_word' id='word_1_60' title='bbox 1048 1410 1100 1474; x_wconf 92' lang='lat' dir='ltr'>ad·</span> 
     </span>
    </p>

    <p class='ocr_par' dir='ltr' id='par_1_10' title="bbox 696 1516 1101 1601">
     <span class='ocr_line' id='line_1_13' title="bbox 696 1516 1101 1601; baseline -0.002 -20"><span class='ocrx_word' id='word_1_61' title='bbox 696 1517 805 1581; x_wconf 87' lang='lat' dir='ltr'>cidant</span> <span class='ocrx_word' id='word_1_62' title='bbox 848 1521 927 1601; x_wconf 82' lang='grc' dir='ltr'>ΒΛ,</span> <span class='ocrx_word' id='word_1_63' title='bbox 960 1519 1025 1580; x_wconf 90' lang='grc' dir='ltr'>ΓΖ</span> <span class='ocrx_word' id='word_1_64' title='bbox 1065 1516 1101 1580; x_wconf 91' lang='lat' dir='ltr'>in</span> 
     </span>
    </p>

    <p class='ocr_par' dir='ltr' id='par_1_11' title="bbox 696 1626 1099 1708">
     <span class='ocr_line' id='line_1_14' title="bbox 696 1626 1099 1708; baseline 0.002 -22"><span class='ocrx_word' id='word_1_65' title='bbox 696 1644 761 1687; x_wconf 91' lang='lat' dir='ltr'>uno</span> <span class='ocrx_word' id='word_1_66' title='bbox 779 1628 900 1708; x_wconf 89' lang='lat' dir='ltr'>puncto</span> <span class='ocrx_word' id='word_1_67' title='bbox 919 1626 1099 1708; x_wconf 74' lang='lat' dir='ltr'>tangentes.</span> 
     </span>
    </p>

    <p class='ocr_par' dir='ltr' id='par_1_12' title="bbox 697 1727 1100 1815">
     <span class='ocr_line' id='line_1_15' title="bbox 697 1727 1100 1815; baseline 0 -23"><span class='ocrx_word' id='word_1_68' title='bbox 697 1729 873 1814; x_wconf 88' lang='lat' dir='ltr'>productae</span> <span class='ocrx_word' id='word_1_69' title='bbox 896 1727 998 1815; x_wconf 81' lang='lat' dir='ltr'>igitur</span> <span class='ocrx_word' id='word_1_70' title='bbox 1014 1728 1100 1792; x_wconf 89' lang='lat' dir='ltr'>inter</span> 
     </span>
    </p>

    <p class='ocr_par' dir='ltr' id='par_1_13' title="bbox 696 1834 1099 1920">
     <span class='ocr_line' id='line_1_16' title="bbox 696 1834 1099 1920; baseline -0.007 -20"><span class='ocrx_word' id='word_1_71' title='bbox 696 1856 731 1900; x_wconf 89' lang='lat' dir='ltr'>se</span> <span class='ocrx_word' id='word_1_72' title='bbox 749 1835 927 1920; x_wconf 83' lang='lat' dir='ltr'>concident,</span> <span class='ocrx_word' id='word_1_73' title='bbox 946 1834 1099 1918; x_wconf 79' lang='lat' dir='ltr'>quoniam</span> 
     </span>
    </p>

    <p class='ocr_par' dir='ltr' id='par_1_14' title="bbox 696 1941 1098 2027">
     <span class='ocr_line' id='line_1_17' title="bbox 696 1941 1098 2027; baseline 0 -22"><span class='ocrx_word' id='word_1_74' title='bbox 696 1944 764 2005; x_wconf 91' lang='grc' dir='ltr'>ΒΓ</span> <span class='ocrx_word' id='word_1_75' title='bbox 773 1941 929 2007; x_wconf 88' lang='lat' dir='ltr'>diametro</span> <span class='ocrx_word' id='word_1_76' title='bbox 945 1941 1098 2027; x_wconf 86' lang='lat' dir='ltr'>sphaerae</span> 
     </span>
    </p>

    <p class='ocr_par' dir='ltr' id='par_1_15' title="bbox 93 2043 1100 2131">
     <span class='ocr_line' id='line_1_18' title="bbox 93 2043 1100 2131; baseline 0.003 -22"><span class='ocrx_word' id='word_1_77' title='bbox 93 2045 198 2109; x_wconf 88' lang='lat' dir='ltr'>maior</span> <span class='ocrx_word' id='word_1_78' title='bbox 220 2049 278 2109; x_wconf 86' lang='lat' dir='ltr'>est.</span> <span class='ocrx_word' id='word_1_79' title='bbox 315 2043 486 2109; x_wconf 88' lang='lat' dir='ltr'>concidant</span> <span class='ocrx_word' id='word_1_80' title='bbox 507 2043 610 2130; x_wconf 82' lang='lat' dir='ltr'>igitur</span> <span class='ocrx_word' id='word_1_81' title='bbox 627 2045 663 2109; x_wconf 93' lang='lat' dir='ltr'>in</span> <span class='ocrx_word' id='word_1_82' title='bbox 680 2051 801 2131; x_wconf 89' lang='lat' dir='ltr'>puncto</span> <span class='ocrx_word' id='word_1_83' title='bbox 822 2052 859 2113; x_wconf 83' lang='grc' dir='ltr'>Θ.</span> <span class='ocrx_word' id='word_1_84' title='bbox 890 2048 1000 2131; x_wconf 90' lang='lat' dir='ltr'>itaque</span> <span class='ocrx_word' id='word_1_85' title='bbox 1023 2069 1100 2130; x_wconf 89' lang='lat' dir='ltr'>quc-</span> 
     </span>
    </p>

    <p class='ocr_par' dir='ltr' id='par_1_16' title="bbox 92 2151 1098 2238">
     <span class='ocr_line' id='line_1_19' title="bbox 92 2151 1098 2238; baseline 0.003 -23"><span class='ocrx_word' id='word_1_86' title='bbox 92 2151 183 2215; x_wconf 86' lang='lat' dir='ltr'>niam</span> <span class='ocrx_word' id='word_1_87' title='bbox 215 2172 234 2215; x_wconf 91' lang='lat' dir='ltr'>a</span> <span class='ocrx_word' id='word_1_88' title='bbox 264 2154 385 2235; x_wconf 89' lang='lat' dir='ltr'>puncto</span> <span class='ocrx_word' id='word_1_89' title='bbox 415 2154 444 2213; x_wconf 82' lang='grc' dir='ltr'>Θ</span> <span class='ocrx_word' id='word_1_90' title='bbox 474 2154 581 2215; x_wconf 86' lang='lat' dir='ltr'>rectae</span> <span class='ocrx_word' id='word_1_91' title='bbox 615 2156 693 2237; x_wconf 78' lang='grc' dir='ltr'>ΘΖ,</span> <span class='ocrx_word' id='word_1_92' title='bbox 719 2155 785 2217; x_wconf 85' lang='grc' dir='ltr'>ΘΔ</span> <span class='ocrx_word' id='word_1_93' title='bbox 816 2152 852 2217; x_wconf 91' lang='lat' dir='ltr'>in</span> <span class='ocrx_word' id='word_1_94' title='bbox 882 2175 948 2219; x_wconf 91' lang='lat' dir='ltr'>uno</span> <span class='ocrx_word' id='word_1_95' title='bbox 976 2158 1098 2238; x_wconf 89' lang='lat' dir='ltr'>puncto</span> 
     </span>
    </p>

    <p class='ocr_par' dir='ltr' id='par_1_17' title="bbox 93 2255 1100 2345">
     <span class='ocr_line' id='line_1_20' title="bbox 93 2255 1100 2345; baseline 0.002 -23"><span class='ocrx_word' id='word_1_96' title='bbox 93 2256 319 2341; x_wconf 85' lang='lat' dir='ltr'>contingentes</span> <span class='ocrx_word' id='word_1_97' title='bbox 343 2255 539 2339; x_wconf 87' lang='lat' dir='ltr'>adciderunt,</span> <span class='ocrx_word' id='word_1_98' title='bbox 563 2261 664 2323; x_wconf 85' lang='lat' dir='ltr'>ZNA</span> <span class='ocrx_word' id='word_1_99' title='bbox 686 2259 889 2325; x_wconf 79' lang='lat' dir='ltr'>semicirculo</span> <span class='ocrx_word' id='word_1_100' title='bbox 912 2259 1018 2325; x_wconf 88' lang='lat' dir='ltr'>minor</span> <span class='ocrx_word' id='word_1_101' title='bbox 1037 2265 1100 2345; x_wconf 81' lang='lat' dir='ltr'>est3</span> 
     </span>
    </p>

    <p class='ocr_par' dir='ltr' id='par_1_18' title="bbox 91 2361 1100 2452">
     <span class='ocr_line' id='line_1_21' title="bbox 91 2361 1100 2452; baseline 0.004 -26"><span class='ocrx_word' id='word_1_102' title='bbox 91 2385 169 2427; x_wconf 91' lang='lat' dir='ltr'>nam</span> <span class='ocrx_word' id='word_1_103' title='bbox 192 2361 304 2448; x_wconf 76' lang='lat' dir='ltr'>anguli</span> <span class='ocrx_word' id='word_1_104' title='bbox 328 2365 436 2448; x_wconf 77' lang='grc' dir='ltr'><em>ΘΖΚ,</em></span> <span class='ocrx_word' id='word_1_105' title='bbox 452 2366 553 2428; x_wconf 81' lang='grc' dir='ltr'>ΘΑΚ</span> <span class='ocrx_word' id='word_1_106' title='bbox 571 2364 652 2430; x_wconf 85' lang='lat' dir='ltr'>recti</span> <span class='ocrx_word' id='word_1_107' title='bbox 671 2370 753 2431; x_wconf 90' lang='lat' dir='ltr'>sunt.</span> <span class='ocrx_word' id='word_1_108' title='bbox 786 2387 864 2452; x_wconf 84' lang='lat' dir='ltr'>crgo</span> <span class='ocrx_word' id='word_1_109' title='bbox 883 2388 958 2450; x_wconf 92' lang='lat' dir='ltr'>pars</span> <span class='ocrx_word' id='word_1_110' title='bbox 975 2367 1100 2450; x_wconf 88' lang='lat' dir='ltr'>reliqua</span> 
     </span>
    </p>

    <p class='ocr_par' dir='ltr' id='par_1_19' title="bbox 92 2468 1098 2639">
     <span class='ocr_line' id='line_1_22' title="bbox 92 2468 1098 2558; baseline 0.004 -26"><span class='ocrx_word' id='word_1_111' title='bbox 92 2468 263 2554; x_wconf 85' lang='lat' dir='ltr'>sphaerae,</span> <span class='ocrx_word' id='word_1_112' title='bbox 299 2489 380 2553; x_wconf 83' lang='lat' dir='ltr'>quac</span> <span class='ocrx_word' id='word_1_113' title='bbox 413 2492 432 2533; x_wconf 86' lang='lat' dir='ltr'>a</span> <span class='ocrx_word' id='word_1_114' title='bbox 462 2472 542 2552; x_wconf 86' lang='lat' dir='ltr'>BA,</span> <span class='ocrx_word' id='word_1_115' title='bbox 566 2474 632 2535; x_wconf 92' lang='grc' dir='ltr'>ΓΖ</span> <span class='ocrx_word' id='word_1_116' title='bbox 670 2473 825 2558; x_wconf 82' lang='lat' dir='ltr'>cernitur,</span> <span class='ocrx_word' id='word_1_117' title='bbox 859 2470 1098 2556; x_wconf 86' lang='lat' dir='ltr'>hemisphaerio</span> 
     </span>
     <span class='ocr_line' id='line_1_23' title="bbox 92 2574 278 2639; baseline 0 0"><span class='ocrx_word' id='word_1_118' title='bbox 92 2574 197 2639; x_wconf 88' lang='lat' dir='ltr'>maior</span> <span class='ocrx_word' id='word_1_119' title='bbox 220 2579 278 2639; x_wconf 89' lang='lat' dir='ltr'>est.</span> 
     </span>
    </p>

    <p class='ocr_par' dir='ltr' id='par_1_20' title="bbox 570 2683 622 2747">
     <span class='ocr_line' id='line_1_24' title="bbox 570 2683 622 2747; baseline 0 0"><span class='ocrx_word' id='word_1_120' title='bbox 570 2683 622 2747; x_wconf 77' lang='lat'>27.</span> 
     </span>
    </p>

    <p class='ocr_par' dir='ltr' id='par_1_21' title="bbox 161 2785 1099 2875">
     <span class='ocr_line' id='line_1_25' title="bbox 161 2785 1099 2875; baseline 0.005 -25"><span class='ocrx_word' id='word_1_121' title='bbox 161 2785 196 2850; x_wconf 83' lang='lat' dir='ltr'>Si</span> <span class='ocrx_word' id='word_1_122' title='bbox 214 2785 369 2852; x_wconf 82' lang='lat' dir='ltr'>distantia</span> <span class='ocrx_word' id='word_1_123' title='bbox 388 2787 555 2853; x_wconf 87' lang='lat' dir='ltr'>oculorum</span> <span class='ocrx_word' id='word_1_124' title='bbox 574 2788 731 2854; x_wconf 83' lang='lat' dir='ltr'>diametro</span> <span class='ocrx_word' id='word_1_125' title='bbox 752 2790 905 2875; x_wconf 86' lang='lat' dir='ltr'>sphaerae</span> <span class='ocrx_word' id='word_1_126' title='bbox 920 2790 1026 2854; x_wconf 88' lang='lat' dir='ltr'>minor</span> <span class='ocrx_word' id='word_1_127' title='bbox 1040 2795 1099 2875; x_wconf 83' lang='lat' dir='ltr'>est,</span> 
     </span>
    </p>

    <p class='ocr_par' dir='ltr' id='par_1_22' title="bbox 92 2894 1098 2981">
     <span class='ocr_line' id='line_1_26' title="bbox 92 2894 1098 2981; baseline 0.003 -24"><span class='ocrx_word' id='word_1_128' title='bbox 92 2915 175 2978; x_wconf 91' lang='lat' dir='ltr'>quae</span> <span class='ocrx_word' id='word_1_129' title='bbox 199 2894 341 2959; x_wconf 85' lang='lat' dir='ltr'>cernitur</span> <span class='ocrx_word' id='word_1_130' title='bbox 362 2916 437 2978; x_wconf 91' lang='lat' dir='ltr'>pars</span> <span class='ocrx_word' id='word_1_131' title='bbox 461 2894 628 2981; x_wconf 86' lang='lat' dir='ltr'>sphaerae,</span> <span class='ocrx_word' id='word_1_132' title='bbox 651 2895 757 2960; x_wconf 90' lang='lat' dir='ltr'>minor</span> <span class='ocrx_word' id='word_1_133' title='bbox 780 2900 830 2960; x_wconf 86' lang='lat' dir='ltr'>est</span> <span class='ocrx_word' id='word_1_134' title='bbox 851 2895 1098 2980; x_wconf 89' lang='lat' dir='ltr'>hemisphaerio.</span> 
     </span>
    </p>

    <p class='ocr_par' dir='ltr' id='par_1_23' title="bbox 161 2999 1100 3087">
     <span class='ocr_line' id='line_1_27' title="bbox 161 2999 1100 3087; baseline 0.003 -23"><span class='ocrx_word' id='word_1_135' title='bbox 161 2999 205 3064; x_wconf 91' lang='lat' dir='ltr'>sit</span> <span class='ocrx_word' id='word_1_136' title='bbox 232 3000 317 3065; x_wconf 84' lang='lat' dir='ltr'>enim</span> <span class='ocrx_word' id='word_1_137' title='bbox 340 3001 490 3086; x_wconf 87' lang='lat' dir='ltr'>sphaera,</span> <span class='ocrx_word' id='word_1_138' title='bbox 517 3001 607 3066; x_wconf 89' lang='lat' dir='ltr'>cuius</span> <span class='ocrx_word' id='word_1_139' title='bbox 636 3006 782 3067; x_wconf 78' lang='lat' dir='ltr'>centrum</span> <span class='ocrx_word' id='word_1_140' title='bbox 805 3001 848 3066; x_wconf 87' lang='lat' dir='ltr'>sit</span> <span class='ocrx_word' id='word_1_141' title='bbox 871 3004 917 3087; x_wconf 84' lang='lat' dir='ltr'>K,</span> <span class='ocrx_word' id='word_1_142' title='bbox 944 3001 1100 3067; x_wconf 84' lang='lat' dir='ltr'>distantia</span> 
     </span>
    </p>

    <p class='ocr_par' dir='ltr' id='par_1_24' title="bbox 92 3088 1100 3193">
     <span class='ocr_line' id='line_1_28' title="bbox 92 3088 1100 3193; baseline 0 -21"><span class='ocrx_word' id='word_1_143' title='bbox 92 3111 203 3172; x_wconf 89' lang='lat' dir='ltr'>autem</span> <span class='ocrx_word' id='word_1_144' title='bbox 227 3106 393 3172; x_wconf 86' lang='lat' dir='ltr'>oculorum</span> <span class='ocrx_word' id='word_1_145' title='bbox 417 3106 460 3171; x_wconf 87' lang='lat' dir='ltr'>sit</span> <span class='ocrx_word' id='word_1_146' title='bbox 482 3110 551 3172; x_wconf 94' lang='grc' dir='ltr'>ΒΓ</span> <span class='ocrx_word' id='word_1_147' title='bbox 569 3108 675 3174; x_wconf 89' lang='lat' dir='ltr'>minor</span> <span class='ocrx_word' id='word_1_148' title='bbox 699 3108 856 3173; x_wconf 86' lang='lat' dir='ltr'>diametro</span> <span class='ocrx_word' id='word_1_149' title='bbox 880 3088 1044 3193; x_wconf 85' lang='lat' dir='ltr'>sphaerae,</span> <span class='ocrx_word' id='word_1_150' title='bbox 1067 3112 1100 3172; x_wconf 88' lang='lat' dir='ltr'>ct</span> 
     </span>
    </p>

    <p class='ocr_par' dir='ltr' id='par_1_25' title="bbox 89 3213 1099 3300">
     <span class='ocr_line' id='line_1_29' title="bbox 89 3213 1099 3300; baseline 0.001 -23"><span class='ocrx_word' id='word_1_151' title='bbox 89 3234 150 3296; x_wconf 86' lang='lat' dir='ltr'>per</span> <span class='ocrx_word' id='word_1_152' title='bbox 172 3215 208 3276; x_wconf 86' lang='lat' dir='ltr'><em>K</em></span> <span class='ocrx_word' id='word_1_153' title='bbox 231 3218 264 3277; x_wconf 90' lang='lat' dir='ltr'>et</span> <span class='ocrx_word' id='word_1_154' title='bbox 287 3215 354 3276; x_wconf 88' lang='grc' dir='ltr'>ΒΓ</span> <span class='ocrx_word' id='word_1_155' title='bbox 375 3213 508 3298; x_wconf 90' lang='lat' dir='ltr'>planum</span> <span class='ocrx_word' id='word_1_156' title='bbox 534 3215 731 3300; x_wconf 86' lang='lat' dir='ltr'>producatur</span> <span class='ocrx_word' id='word_1_157' title='bbox 759 3219 791 3279; x_wconf 89' lang='lat' dir='ltr'>et</span> <span class='ocrx_word' id='word_1_158' title='bbox 818 3214 853 3278; x_wconf 91' lang='lat' dir='ltr'>in</span> <span class='ocrx_word' id='word_1_159' title='bbox 882 3215 1018 3298; x_wconf 89' lang='lat' dir='ltr'>sphaera</span> <span class='ocrx_word' id='word_1_160' title='bbox 1041 3213 1099 3280; x_wconf 86' lang='lat' dir='ltr'>cir·</span> 
     </span>
    </p>
   </div>
   <div class='ocr_carea' id='block_1_5' title="bbox 90 3435 1097 3587">
    <p class='ocr_par' dir='ltr' id='par_1_26' title="bbox 90 3435 1097 3587">
     <span class='ocr_line' id='line_1_30' title="bbox 128 3435 1097 3514; baseline 0.006 -23"><span class='ocrx_word' id='word_1_161' title='bbox 128 3443 170 3492; x_wconf 78' lang='lat'>17.</span> <span class='ocrx_word' id='word_1_162' title='bbox 189 3437 257 3491; x_wconf 88' lang='lat' dir='ltr'>Post</span> <span class='ocrx_word' id='word_1_163' title='bbox 275 3435 329 3507; x_wconf 70' lang='grc' dir='ltr'>γάρ</span> <span class='ocrx_word' id='word_1_164' title='bbox 348 3438 413 3494; x_wconf 87' lang='lat' dir='ltr'>add.</span> <span class='ocrx_word' id='word_1_165' title='bbox 431 3439 487 3494; x_wconf 77' lang='grc' dir='ltr'>ὑπό</span> <span class='ocrx_word' id='word_1_166' title='bbox 505 3458 541 3495; x_wconf 82' lang='lat' dir='ltr'>m.</span> <span class='ocrx_word' id='word_1_167' title='bbox 560 3456 614 3495; x_wconf 84' lang='lat' dir='ltr'>rec.</span> <span class='ocrx_word' id='word_1_168' title='bbox 633 3441 667 3496; x_wconf 88' lang='lat' dir='ltr'>V.</span> <span class='ocrx_word' id='word_1_169' title='bbox 741 3442 793 3497; x_wconf 81' lang='grc' dir='ltr'><strong><em>εἰσι</em></strong></span> <span class='ocrx_word' id='word_1_170' title='bbox 810 3461 837 3512; x_wconf 92' lang='lat' dir='ltr'>p.</span> <span class='ocrx_word' id='word_1_171' title='bbox 910 3447 952 3498; x_wconf 76' lang='lat'>26.</span> <span class='ocrx_word' id='word_1_172' title='bbox 973 3440 1097 3514; x_wconf 79' lang='grc' dir='ltr'>ἔλαττον]</span> 
     </span>
     <span class='ocr_line' id='line_1_31' title="bbox 90 3508 1072 3587; baseline 0.006 -25"><span class='ocrx_word' id='word_1_173' title='bbox 90 3529 149 3563; x_wconf 72' lang='lat' dir='ltr'>-ar-</span> <span class='ocrx_word' id='word_1_174' title='bbox 167 3508 197 3561; x_wconf 90' lang='lat' dir='ltr'>in</span> <span class='ocrx_word' id='word_1_175' title='bbox 214 3525 268 3564; x_wconf 83' lang='lat' dir='ltr'>ras.</span> <span class='ocrx_word' id='word_1_176' title='bbox 287 3527 323 3563; x_wconf 92' lang='lat' dir='ltr'>m.</span> <span class='ocrx_word' id='word_1_177' title='bbox 344 3516 358 3562; x_wconf 96' lang='lat'>1</span> <span class='ocrx_word' id='word_1_178' title='bbox 377 3510 411 3564; x_wconf 79' lang='lat' dir='ltr'>V.</span> <span class='ocrx_word' id='word_1_179' title='bbox 483 3517 525 3565; x_wconf 73' lang='lat'>27.</span> <span class='ocrx_word' id='word_1_180' title='bbox 544 3509 652 3566; x_wconf 75' lang='grc' dir='ltr'><strong>ποιείτο</strong></span> <span class='ocrx_word' id='word_1_181' title='bbox 670 3531 696 3567; x_wconf 86' lang='lat' dir='ltr'>v.</span> <span class='ocrx_word' id='word_1_182' title='bbox 768 3513 830 3587; x_wconf 80' lang='grc' dir='ltr'><strong>τόν]</strong></span> <span class='ocrx_word' id='word_1_183' title='bbox 850 3530 918 3570; x_wconf 89' lang='lat' dir='ltr'>ccrr.</span> <span class='ocrx_word' id='word_1_184' title='bbox 938 3531 972 3569; x_wconf 89' lang='lat' dir='ltr'>ex</span> <span class='ocrx_word' id='word_1_185' title='bbox 990 3513 1021 3569; x_wconf 84' lang='grc' dir='ltr'>τό</span> <span class='ocrx_word' id='word_1_186' title='bbox 1040 3513 1072 3568; x_wconf 86' lang='lat' dir='ltr'>V.</span> 
     </span>
    </p>
   </div>
   <div class='ocr_carea' id='block_1_6' title="bbox 0 0 1216 3944">
    <p class='ocr_par' dir='ltr' id='par_1_27' title="bbox 0 0 1216 3944">
     <span class='ocr_line' id='line_1_32' title="bbox 0 0 1216 3944; baseline 0 0"><span class='ocrx_word' id='word_1_187' title='bbox 0 0 1216 3944; x_wconf 95' lang='lat' dir='ltr'> </span> 
     </span>
    </p>
   </div>
  </div>
 </body>
</html>
