2424 3944
427 160 703 214 PROLEGOMENA.
957 159 1074 212 XXXIX

134 317 213 371 prop.
239 307 285 356 14:
327 301 416 370 Super
442 301 554 355 oculum
582 299 795 354 consistentium
823 301 1017 368 quantitatum
1044 304 1073 356 et

57 381 190 437 ciusdem
212 379 429 450 magnitudinis,
458 380 536 434 cuius
560 380 650 434 maior
673 383 716 435 est
737 380 870 449 remotio,
899 380 958 436 eius
982 380 1073 435 maior

61 463 181 533 putatur
199 459 325 515 dimissio
344 461 384 529 (D
390 461 435 529 L).
1082 464 1091 483 '·

133 559 213 611 prop.
234 546 280 597 15:
308 541 377 596 Cum
396 557 478 610 super
495 540 572 594 idem
589 540 706 609 planum
724 541 854 596 similiter
873 544 1012 595 steterunt
1029 540 1072 592 in-

61 621 187 692 equalia,
206 621 281 690 qnod
299 621 380 675 radio
399 620 491 690 capud
508 620 624 674 minoris
643 620 819 690 contingenti
831 623 992 690 punctoque
1007 619 1073 673 sub·
1100 631 1115 672 5

61 701 161 758 teriori
184 701 219 756 de
242 700 348 756 maiore
372 699 560 769 concluditur,
587 700 680 754 minus
702 718 765 754 cum
783 700 878 754 lumen
896 699 1071 754 inclinatum.

62 799 161 837 sensns
189 780 335 849 utriusque
362 779 557 834 translationis
586 783 641 849 est,
674 781 750 849 quod
781 779 933 850 propositis
962 779 1072 833 duabus

59 860 272 931 quantitatibus
290 860 470 929 inequalibus
489 862 522 913 ut
539 863 578 915 ab
597 862 626 914 et
643 862 696 931 qd,
716 863 745 914 et
764 864 802 916 ab
822 860 860 914 sit
876 859 968 913 maior
986 862 1015 914 et
1032 861 1074 930 pd

60 942 100 995 sit
118 940 218 1011 minor,
236 941 320 1010 quod,
340 943 446 1008 quanto
461 940 558 994 oculus
576 939 667 1010 magis
687 940 796 995 accedit
815 941 851 995 ad
869 943 911 1011 qd
928 939 1072 1009 minorem,

60 1024 144 1076 tanto
158 1023 198 1076 ab
216 1020 330 1075 uidetur
347 1020 439 1074 minus
455 1019 587 1074 excedere
605 1022 654 1091 qd,
674 1025 703 1075 et
716 1024 822 1090 quanto
837 1020 928 1090 magis
942 1021 1071 1074 recedere
1086 1034 1113 1072 ro

61 1119 78 1156 a
102 1100 217 1169 minori,
244 1101 326 1154 tanto
349 1099 439 1154 maior
461 1098 552 1168 magis
575 1100 689 1154 uidetur
711 1102 844 1156 excedere
866 1100 1004 1155 minorem
1026 1101 1071 1171 (L,

61 1198 112 1236 om.
131 1180 219 1250 Μ’).

131 1277 210 1329 prop.
232 1265 278 1315 16:
306 1259 387 1325 Quod
409 1259 440 1312 in
463 1259 570 1316 duecte
593 1259 707 1315 uerticis
730 1261 818 1330 ipsius
842 1261 918 1316 ultra
936 1261 1072 1315 minorem

59 1341 96 1394 de
114 1339 222 1394 maiore
240 1339 380 1408 positione
399 1338 484 1394 altius
504 1343 547 1394 est
565 1357 611 1410 eo,
635 1340 711 1409 quod
734 1339 815 1394 oculo
834 1339 948 1394 uidetur
966 1340 1070 1410 altiori,

58 1418 242 1488 inequalibus
260 1417 290 1472 in
308 1436 363 1473 uno
383 1420 524 1475 stantibus
543 1421 629 1490 plano
644 1421 723 1489 (DL,
742 1438 792 1475 om.
811 1422 857 1490 T).
1086 1431 1112 1471 15

131 1515 211 1568 prop.
227 1505 274 1555 17:
294 1499 324 1553 Si
337 1499 415 1553 uisus
429 1499 512 1554 unius
526 1499 687 1554 altitudinis
701 1500 874 1567 remanserit,
890 1517 924 1554 ex
934 1500 1071 1555 distantia

58 1595 117 1633 non
134 1581 262 1632 mutatur
279 1578 424 1648 proportio
443 1580 488 1648 (L,
508 1597 558 1635 om.
578 1581 663 1649 ΒΤ).

130 1675 210 1728 prop.
231 1663 278 1714 18:
305 1657 473 1713 Altitudinis
501 1659 692 1728 quantitatem
718 1676 769 1728 per
795 1660 924 1714 umbram
947 1661 1014 1715 solis
1043 1663 1072 1715 et

57 1740 168 1793 rectam
185 1738 297 1808 uirgam
315 1738 445 1793 similiter
463 1739 589 1794 inuenire
609 1741 700 1809 (DL).

131 1836 210 1889 prop.
232 1825 278 1875 19:
311 1819 412 1872 Erecta
435 1818 547 1889 uirgula
571 1819 739 1889 speculoque
757 1819 937 1890 interposito,
963 1824 1071 1888 quanta
1084 1836 1112 1875 ao

59 1899 99 1954 sit
118 1898 242 1954 altitudo
260 1898 407 1969 paralella,
427 1899 519 1953 dicere
537 1901 592 1970 (L).

130 1996 210 2049 prop.
226 1985 273 2036 20:
297 1979 425 2045 Qualiter
442 1979 645 2049 profunditatis
660 1981 799 2035 certitudo
818 1980 856 2035 sit
874 1982 1006 2036 habenda
1025 1982 1071 2051 (L,

62 2063 88 2115 T
103 2063 136 2115 irs
153 2078 205 2132 my.
221 2062 381 2130 praemisera
398 2062 489 2115 uerbis
507 2059 565 2114 alia
583 2061 751 2132 translatio).

130 2156 210 2210 prop.
221 2146 268 2196 22:
288 2139 317 2195 Si
331 2139 417 2194 fuerit
431 2141 528 2194 oculus
542 2139 573 2193 in
582 2140 681 2194 eodem
689 2141 775 2209 plano
790 2157 853 2193 oum
865 2158 939 2210 arcu,
955 2141 1071 2195 circum-

56 2219 210 2276 ferentiam
227 2219 319 2274 uideri
337 2223 444 2274 rectam
462 2221 506 2290 (L,
525 2228 557 2274 at
575 2220 633 2275 alia
651 2219 801 2274 translatio
820 2239 871 2292 rap.
894 2222 940 2291 Τ).
1085 2236 1112 2276 25

130 2317 209 2370 prop.
229 2306 276 2356 23:
305 2299 386 2366 Quod
409 2301 444 2353 de
467 2316 549 2369 spera
567 2299 701 2369 cernitur,
726 2300 785 2354 eius
803 2300 896 2355 medio
915 2301 1008 2355 minus
1028 2305 1071 2357 est

57 2383 88 2435 et
107 2379 194 2434 uelud
213 2379 332 2433 circulus
355 2381 416 2451 (my.
441 2381 473 2448 T,
498 2383 658 2450 praemissis
674 2382 765 2435 carbo
787 2379 876 2434 habet
898 2379 956 2433 alia
979 2383 1071 2434 trans-

56 2459 139 2529 latio,
158 2467 191 2516 at
207 2463 280 2529 solet,
300 2461 333 2527 L,
353 2462 385 2514 ia
398 2477 450 2530 qao
468 2463 602 2530 sequitur:
619 2458 796 2530 propositum
814 2461 865 2527 est,
885 2459 961 2527 quod
979 2459 1070 2514 minor

54 2557 124 2611 pars
143 2539 297 2595 medietate
315 2555 394 2610 spere
413 2539 526 2594 uidetur
544 2541 581 2594 ab
600 2557 656 2594 uno
676 2538 775 2608 oculo).

130 2636 208 2690 prop.
228 2626 276 2675 24:
308 2619 381 2673 Alia.
414 2623 520 2688 quanto
543 2620 634 2690 magis
658 2618 779 2687 accedit,
805 2618 897 2672 minus
925 2619 960 2673 de
988 2636 1069 2688 spera
1083 2636 1111 2676 ao

57 2699 190 2768 cernitur,
211 2702 240 2754 et
257 2698 288 2753 id
305 2699 396 2754 maius
415 2702 534 2769 apparet
552 2701 597 2769 (L,
616 2718 666 2771 mq.
690 2701 736 2768 Τ).

130 2797 209 2849 prop.
224 2785 271 2835 25:
296 2779 369 2834 Alia.
395 2779 527 2850 uisiones,
543 2797 661 2848 quarum
675 2779 813 2834 distantia
827 2780 973 2849 dyametro
991 2796 1069 2848 spere

54 2878 111 2931 par
125 2863 154 2915 et
163 2859 338 2928 equidistans
348 2859 441 2929 fuerit,
455 2863 558 2930 regunt
572 2859 716 2930 oppositas
731 2860 883 2914 secundum
893 2859 1071 2928 dyametrum

54 2943 141 2996 notas
160 2941 210 3010 (L,
229 2958 280 3012 mp.
303 2941 349 3010 Τ).

129 3151 154 3200 2.
175 3143 301 3199 eiusdem
330 3144 413 3198 unius
431 3145 469 3200 D.
525 3144 584 3199 eins
617 3161 666 3199 om.
686 3143 755 3198 DL.
828 3148 852 3197 3.
871 3142 1019 3211 reputatur
1033 3143 1067 3198 L.

92 3215 228 3270 demissio
247 3145 315 3270 DL
336 3285 342 3296 .
379 3221 419 3269 19.
438 3216 556 3288 rectam]
580 3146 609 3284 i’,
630 3216 752 3270 erectam
767 3212 897 3266 similiter
910 3213 945 3282 L,
964 3231 1014 3270 ora.
1029 3215 1068 3270 D.

92 3286 225 3342 similiter
247 3286 391 3358 inuenire]
418 3287 452 3354 T,
481 3285 621 3356 repperire
640 3286 678 3355 L,
707 3300 873 3354 cognoscere
896 3284 933 3340 D.
1025 3293 1068 3342 20.

78 3359 84 3371 '
159 3359 193 3413 L.
283 3363 325 3414 26.
345 3358 432 3428 quod]
452 3373 535 3427 comp.
554 3375 568 3411 c
587 3375 654 3413 corr.
678 3358 707 3410 T.
785 3355 845 3409 eius
864 3355 969 3427 medio]
989 3356 1068 3411 cuius

54 3375 151 3486 liiiio
174 3428 225 3499 Te,
244 3429 338 3483 medio
357 3428 417 3483 eius
436 3428 469 3483 L.
539 3434 581 3482 31.
601 3430 719 3497 apparet
737 3426 827 3481 maius
847 3428 881 3482 L.
945 3433 987 3482 82.
1008 3428 1069 3481 dia-

53 3505 148 3558 metro
158 3502 192 3556 L.
248 3505 290 3556 38.
301 3499 488 3570 equidistans]
497 3499 530 3568 L,
541 3498 672 3567 equidem
682 3498 726 3553 T?
780 3501 892 3571 regunt]
902 3501 1024 3569 tangunt
1033 3500 1068 3553 L.
