2424 3944
123 179 186 245 156
331 182 542 235 OPTICORUM
560 181 737 233 RECENSIO
756 180 922 234 THEONIS.

601 367 644 407 α.

189 447 298 515 Οὐδὲν
321 460 388 514 τῶν
412 447 588 535 ὁρωμένων
612 449 677 532 ἅμα
701 448 780 512 ὄλον
803 447 930 533 ὁρᾶται.

188 560 269 622 ἔστω
293 557 355 641 γὰρ
380 555 549 640 ὁρώμενόν
567 577 598 619 τι
617 557 653 619 τὸ
673 559 750 637 ΑΛ,
773 556 860 639 ὄμμα
879 552 916 619 δέ
934 557 1018 620 έστω
1037 556 1076 621 τὸ
1096 560 1135 639 Β,

121 662 179 748 ἀφ’
201 660 241 728 οὗ
264 660 558 747 προσπιπτέτωσαν
581 664 673 739 ὄψεις
701 663 738 726 αί
759 665 836 745 ΒΛ,
860 665 933 744 ΒΓ,
958 665 1039 746 ΒΚ,
1062 667 1135 727 ΒΔ.

86 788 102 836 5
121 771 245 836 οὐκοῦν
269 767 338 834 ἐπεὶ
361 768 398 834 έν
421 766 795 853 ὄιαστήματι”φέρονται
814 769 852 832 αί
867 771 1135 853 προσπίπτουσαι

121 879 227 959 ὄψεις,
261 876 321 940 οὐκ
355 875 397 940 ὄν
428 878 666 961 προσπίπτοιεν
696 886 845 959 συνεχεῖς
876 876 959 961 πρὸς
991 876 1029 940 τὸ
1060 881 1139 940 ΑΛ.

121 985 204 1049 ὥστε
232 981 362 1065 γένοιτο
391 982 433 1047 ὄιν
460 980 516 1046 καλ
543 983 624 1046 κατὰ
651 983 688 1046 τὸ
712 987 779 1046 ΑΛ
807 983 1029 1066 διαστήματα,
1056 982 1139 1067 πρὸς

121 1089 142 1154 ἃ
166 1091 203 1154 αἱ
222 1091 314 1166 ὄψεις
332 1090 372 1154 οὐ
391 1097 666 1175 προσπεσοῦνται.
703 1089 764 1154 οὐκ
782 1091 847 1174 ὄρα
866 1088 1054 1172 ὀφθήσεται
1074 1090 1138 1172 ἅμα

122 1197 202 1262 ὄλον
224 1198 261 1260 τὸ
285 1201 360 1260 ΛΔ.
401 1196 494 1259 δοκεῖ
515 1192 551 1259 δὲ
574 1194 719 1282 ὁρᾶσθαι
743 1197 808 1279 ἅμα
831 1206 899 1260 τῶν
923 1197 1034 1272 ὄψεων
1057 1197 1138 1278 ταχὺ

70 1319 104 1367 10
121 1301 414 1387 παραφερομένων.
633 1389 641 1413 Ι

196 1503 274 1562 Τῶν
308 1504 390 1562 ίσων
422 1503 574 1581 μεγεθῶν
607 1495 645 1562 έν
677 1497 875 1581 διαστήματι
906 1495 1069 1581 κειμένων
1102 1499 1138 1562 τὰ

124 1609 236 1688 ἔγγιον
259 1609 391 1688 κείμενα
415 1602 650 1690 ἀκριβέστερον
673 1603 798 1689 ὁρᾶται.

191 1715 272 1777 ε”στω
297 1712 384 1794 ὄμμα
407 1708 468 1795 μὲν
490 1711 527 1774 τὸ
551 1715 595 1793 Β,
618 1709 788 1796 ὁρώμενον
816 1705 853 1774 δὲ
876 1710 912 1775 τὸ
937 1713 999 1774 ΓΛ
1022 1709 1136 1775 καὶτὸ

72 1834 105 1883 15
124 1822 205 1883 ΚΛ·
228 1821 291 1905 χρή
315 1816 352 1882 δὲ
374 1829 466 1883 νοεῖν
489 1818 572 1882 αὐτὰ
596 1823 651 1882 ίσα
669 1815 725 1882 ιιαλ
742 1816 946 1902 παράλληλα,
970 1819 1085 1899 ἔγγιον
1103 1814 1137 1882 δὲ

123 1929 205 1991 ἔστω
219 1926 256 1989 τὸ
268 1929 329 1990 ΓΛ
335 1944 342 1958 ·
356 1923 412 1989 καλ
421 1923 716 2009 προσπιπτέτωσαν
728 1925 821 2003 ὄψεις

124 2033 168 2107 ὡς
191 2033 228 2096 αι’
248 2035 321 2115 ΒΓ,
340 2035 412 2114 ΒΛ,
432 2034 508 2114 ΒΚ,
528 2035 598 2095 ΒΛ.
636 2031 677 2096 οὐ
695 2032 757 2117 γὰρ
778 2030 820 2096 ὄν
871 2013 915 2072 K*
1109 2005 1139 2066 Δ

123 2145 284 2221 είποιμεν,
317 2138 361 2213 ὡς
388 2139 425 2202 αί
446 2137 509 2201 ἀπὸ
537 2142 648 2202 τοῦΒ
677 2140 820 2222 ὄμματος
875 2173 903 2232 Γ

123 2245 206 2330 πρὸς
219 2244 256 2308 τὸ
271 2247 305 2307 Κ
308 2248 339 2308 Λ
357 2248 622 2329 προσπίπτουσαι
636 2246 728 2322 ὄψεις
746 2245 819 2330 [ὡς]

72 2369 106 2418 20
125 2352 181 2416 διὰ
213 2362 279 2417 τῶν
313 2355 355 2434 Γ,
383 2357 416 2415 Δ
447 2354 591 2435 σημείων
621 2349 819 2417 ἐλεύσονται.

125 2457 145 2542 ή
164 2459 227 2544 γὰρ
247 2457 289 2522 ὄιν
307 2459 473 2542 τριγώνου
492 2466 552 2521 τοῦ
571 2461 777 2523 ΒΛΛΚΓΒ
798 2457 818 2541 ἡ

125 2570 194 2630 ΚΛ
230 2568 349 2650 μείζων
383 2564 424 2629 ἂν
460 2558 502 2646 ήν
534 2574 592 2649 τής
624 2569 701 2630 ΓΛ·
737 2566 819 2631 ὑπό·
875 2552 877 2556 ⁸

125 2696 229 2738 κειται
252 2669 361 2736 δὲκαὶ
382 2677 444 2754 ίσή.
482 2670 606 2735 οὐκοῦν
624 2672 661 2736 τὸ
684 2675 745 2737 ΓΛ
763 2673 828 2738 ὑπὸ
846 2679 1012 2740 πλειόνων
1031 2677 1140 2755 ὄψεων

126 2779 242 2864 ὁρᾶται
265 2779 347 2862 ήπερ
371 2780 408 2842 τὸ
433 2781 509 2842 ΚΛ.
553 2777 786 2864 ἀκριβέστερον
809 2782 873 2867 ὄρα
896 2784 1081 2865 φανήσεται
1104 2785 1139 2848 τὸ

74 2902 107 2950 25
128 2889 188 2950 ΓΛ
211 2894 271 2950 τοῦ
293 2888 366 2948 ΚΛ.

1004 2517 1039 2573 B

637 2972 646 2996 Ι

612 2997 655 3056 γ.

113 3116 116 3120 -
185 3079 347 3145 Ἕκαστον
365 3091 432 3144 τῶν
451 3078 629 3166 ὁρωμένων
647 3083 711 3165 ἔχει
730 3106 762 3146 τι
780 3091 882 3166 μήαος
902 3083 1139 3170 ἀποστήματος,

127 3184 168 3253 οὗ
191 3190 370 3271 γενόμενον
394 3185 503 3250 οὐκέτι
527 3187 650 3271 ὁρᾶται.

127 3295 445 3393 Μίλ-π-μισπίπτειεν
465 3344 490 3380 v.
570 3332 592 3380 7.
612 3325 676 3399 καί]
696 3328 750 3384 del.
770 3348 806 3383 m.
826 3346 879 3384 rec.
899 3330 932 3385 V.
1017 3337 1058 3386 12.
1079 3333 1139 3387 ιλια-

128 3397 245 3465 στήμασι
263 3415 299 3450 m.
319 3413 372 3451 rec.
392 3397 424 3451 V.
516 3397 585 3452 Post
607 3397 742 3468 κειμένων
766 3401 830 3454 add.
851 3399 959 3464 ἀνίσοις
976 3420 1013 3458 m.
1033 3420 1088 3458 rec.
1107 3403 1137 3457 V.

165 3473 206 3520 13.
228 3467 335 3537 ἔγγειον
353 3468 387 3536 V,
407 3485 475 3523 corr.
490 3487 525 3523 m.
541 3486 594 3524 ree.
651 3477 692 3524 14.
713 3471 858 3540 ὁρώμενον
877 3491 913 3528 m.
933 3490 986 3528 rec.
1007 3474 1041 3529 V.
1098 3479 1137 3528 15.

130 3538 237 3609 ἔγγειον
255 3539 289 3608 V,
309 3556 377 3592 corr.
397 3557 432 3592 m.
452 3555 504 3593 rec.
589 3546 629 3596 18.
650 3541 691 3613 αἱ]
712 3560 765 3596 om.
784 3562 811 3612 p.
892 3549 933 3598 19.
953 3543 997 3616 τί]
1017 3561 1087 3601 corr.
1108 3562 1139 3600 ex

72 3634 197 3716 ῆι
