2424 3944
406 123 577 176 aucnmrs
596 122 733 177 ornos.
1031 119 1077 185 39

62 269 226 354 Euclida,
262 268 386 333 scilicet
419 266 546 350 quando
585 288 604 330 a
634 266 774 331 termino
807 267 903 330 ducta
934 266 1076 330 existens

61 378 151 442 linea
172 375 252 440 facit
276 374 431 460 angulum
453 377 588 459 rectum,
609 372 667 436 illa
685 372 875 457 contingens
895 373 965 437 erit.
1002 394 1077 438 con-

61 484 221 569 iungatur
246 483 306 567 qd,
338 484 371 545 et
398 480 548 544 trahatur
574 501 632 564 per
658 501 680 543 a
710 483 868 562 punctum
898 483 1005 545 rectae
1030 480 1080 562 φά

62 589 222 675 parallela
248 590 286 653 ὀί.
336 586 418 652 recti
446 608 523 672 ergo
552 585 608 671 qui
635 585 718 650 adlr
745 585 865 671 anguli.
912 586 941 649 si
967 590 1077 650 autem

61 697 131 780 opt
163 695 313 781 trigonus
346 697 496 759 manente
524 693 567 757 ob
599 692 685 758 circa
716 695 842 757 rectum
874 693 1030 778 angulum
1056 692 1077 757 lc
1113 703 1131 752 5

61 803 318 887 circumagatur,
345 801 381 863 in
402 800 488 865 idem
511 822 654 886 rursum,
675 800 760 863 unde
783 798 920 884 incepit,
946 798 1077 883 feretur,

61 914 97 974 et
116 910 157 992 bp
177 908 307 992 quidem
325 907 576 990 unumquodque
596 929 707 990 sperae
723 909 881 990 punctum
900 905 1078 991 continget,

60 1017 106 1099 lep
135 1037 213 1080 uero
241 1014 340 1080 faciet
369 1014 546 1079 sectionem
569 1012 688 1078 circuli.
735 1012 848 1077 circuli
870 1012 973 1098 igitur
995 1013 1079 1098 peri-

63 1122 148 1187 feria
179 1121 344 1186 uidebitur
374 1121 408 1184 in
442 1142 544 1205 spera.
599 1119 685 1204 dico,
717 1119 871 1203 quoniam
904 1123 936 1183 et
968 1119 1076 1183 minus

61 1228 246 1312 emisperi0.
280 1227 433 1311 quoniam
447 1227 534 1290 enim
548 1226 767 1291 semicirculus
783 1230 833 1291 est
846 1227 889 1311 tt,
908 1227 957 1309 qd
968 1225 1076 1290 minus
1096 1238 1131 1286 10

63 1335 269 1404 semicirculo
288 1337 345 1399 est.
383 1338 416 1399 et
439 1335 567 1398 uidetur
586 1334 646 1397 sub
666 1333 707 1416 bp
729 1333 828 1397 radiis
847 1336 880 1397 et
898 1333 943 1396 bu
965 1333 1076 1397 eadem
1189 1373 1192 1378 ,

61 1463 176 1525 sperae
194 1463 279 1524 pars.
316 1441 424 1506 minus
444 1461 521 1525 ergo
539 1439 735 1524 hemisperio
752 1441 807 1522 od.
844 1443 877 1504 et
897 1439 956 1503 sub
975 1438 1076 1505 radiis

60 1550 105 1631 hp
129 1551 161 1612 et
185 1548 231 1612 bd
250 1547 388 1611 uidetur.

129 1741 233 1808 Oculo
261 1742 431 1808 accedente
457 1740 592 1826 propius
619 1762 731 1825 sperae
754 1739 861 1803 minus
885 1739 961 1824 erit,
990 1740 1077 1824 quod

59 1849 241 1933 uidebitur,
264 1849 393 1912 uidetur
416 1851 524 1912 autem
547 1847 652 1932 magis
676 1845 788 1910 uideri.
1095 1859 1131 1907 15

130 1959 201 2021 esto
221 1977 324 2040 spera,
342 1955 432 2019 ouius
452 1958 600 2019 centrum
618 1975 648 2038 a,
667 1954 779 2018 oculus
799 1956 908 2018 autem
927 1954 953 2038 b,
973 1976 992 2016 a
1010 1976 1074 2038 quo

59 2064 201 2128 ducatur
218 2065 307 2126 recta
325 2062 378 2146 ab,
401 2065 433 2125 et
452 2061 654 2125 describatur
673 2060 758 2124 circa
776 2060 819 2124 ob
843 2060 981 2125 circulus
997 2062 1076 2145 pou,

58 2173 95 2234 et
118 2167 270 2233 trahatur
293 2168 333 2231 ab
358 2189 379 2231 a
400 2171 521 2251 puncto
545 2171 651 2232 rectae
675 2167 718 2230 ab
742 2167 912 2231 adrectos
934 2172 1074 2251 punctos

58 2277 97 2340 in
120 2279 257 2358 utraque
280 2278 370 2338 recta
392 2294 438 2360 er,
461 2278 494 2338 et
517 2274 672 2338 educatur
695 2273 825 2356 quidem
844 2296 902 2358 per
920 2294 957 2339 ea
981 2279 1013 2338 et
1032 2276 1075 2340 ab

136 2492 160 2539 1.
179 2483 318 2555 Euclidis]
338 2483 375 2536 -is
394 2486 426 2538 ia
444 2501 498 2538 ras.
514 2483 551 2536 D.
609 2488 633 2537 2.
653 2483 726 2538 Ante
745 2482 798 2536 erit
816 2485 865 2538 del.
886 2481 960 2536 enim
974 2485 1017 2536 est
1035 2483 1074 2537 D.

98 2557 308 2636 coniungantur
325 2557 363 2609 D.
418 2560 442 2608 8.
462 2555 541 2626 uero]
561 2573 612 2626 my.
627 2572 660 2608 m.
677 2560 692 2608 1
712 2555 750 2609 D.
806 2560 847 2607 10.
868 2552 1016 2622 emisperia
1034 2555 1072 2609 D.

98 2635 141 2682 11.
166 2626 352 2698 semicirculo]
376 2642 405 2680 -o
424 2628 455 2680 iu
473 2644 526 2680 ros.
546 2626 584 2680 D.
676 2626 742 2680 Post
766 2628 803 2696 by
825 2632 864 2680 est
882 2656 915 2664 —
934 2628 965 2680 e'o
982 2629 1075 2680 ΜΝ

58 2703 113 2755 liu.
135 2701 174 2753 D.
247 2704 287 2752 13.
308 2698 499 2768 bulliacum
521 2698 560 2752 ub
583 2698 628 2751 uel
650 2700 688 2751 ab
712 2697 749 2751 D.

98 2919 141 2967 14.
162 2913 232 2983 ΒΓ]
252 2915 312 2966 ΒΝ
327 2930 352 2966 r.
427 2916 468 2964 15.
487 2911 552 2982 τήν]
573 2927 625 2965 om.
643 2910 802 2965 BVatmv.
876 2915 916 2964 16.
936 2907 1074 2981 pe'v]om.

56 2985 187 3040 avauv.
264 2984 310 3054 τῇ]
330 2999 382 3037 om.
398 2982 478 3036 codd.
557 2979 882 3054 .17.‹le]om,BVat.v.
960 2977 1021 3034 ἐπεί
1040 3013 1074 3021 -

58 3063 105 3112 20.
126 3056 187 3127 ΓΔ]
211 3072 267 3124 mg.
286 3072 321 3109 m.
343 3060 357 3106 1
381 3053 420 3121 νς
448 3053 478 3105 in
500 3056 580 3107 textu
604 3056 647 3107 est
670 3052 731 3107 ἐπεὶ
754 3051 806 3122 γὰρ
830 3050 994 3122 tauriniaco
1018 3051 1076 3106 ἐστι

56 3129 92 3183 τὸ
113 3131 171 3194 ΓΔ,
189 3128 289 3195 postea
308 3127 485 3194 expunctum.
577 3130 619 3178 18.
639 3125 710 3195 ΗΘ]
729 3129 757 3178 K
763 3127 787 3179 Θ
805 3142 840 3177 m.
918 3122 992 3178 ἐστιν
1010 3121 1074 3192 ἡμι-

56 3195 178 3255 κυκλίου
196 3215 232 3251 m.
319 3193 404 3266 ἐστίν]
425 3193 482 3249 ἐστί
499 3195 595 3250 Vatv.
687 3200 728 3250 19.
754 3195 823 3266 ΒΓ]
848 3196 908 3247 ΒΝ
923 3211 948 3248 v.
1030 3200 1073 3249 20.

57 3265 246 3340 ἡμισφαίριον
269 3286 294 3322 v.
375 3267 442 3338 τῶν]
467 3284 520 3321 om.
540 3266 663 3321 Rvetv.
755 3271 797 3320 22.
823 3265 883 3337 κδ’]
906 3265 949 3332 κζ’
969 3265 1073 3334 VVau„

57 3358 132 3395 eras.
148 3358 173 3394 v,
247 3345 289 3393 23.
308 3339 354 3411 τῇ]
375 3337 468 3409 ἔγγιον
485 3347 519 3409 τῇ
537 3338 634 3408 Vat.v‚
653 3340 752 3406 postea
771 3335 824 3391 ins.
842 3336 874 3392 Β,
947 3342 989 3391 25.
1009 3335 1073 3409 μέν]

59 3430 115 3468 om.
135 3411 259 3465 BVat.v.
350 3416 393 3464 27.
412 3411 474 3481 AB]
495 3426 563 3464 corr.
583 3426 617 3463 ex
634 3413 690 3462 ΑΓ
704 3409 737 3462 V.
826 3414 868 3464 28.
888 3407 1000 3482 εὐθείᾳ]
1019 3426 1074 3463 om.

57 3483 187 3538 evauv.
