2424 3944
438 152 609 204 auomms
628 151 766 204 onnon.
1065 151 1107 216 91

96 293 218 358 iacenti
240 294 352 379 plano,
376 295 488 360 oculus
511 317 589 359 uero
613 294 657 359 sit
677 317 712 380 9,
739 300 771 360 et
794 301 905 360 centro
929 297 1059 382 quidem
1082 297 1099 361 b

96 401 205 485 spatio
224 422 302 465 uero
322 402 363 484 by
382 401 520 466 oiroulus
540 401 742 466 describatur
757 404 811 484 qd.
846 403 928 488 dioo,
947 404 1109 490 quoniam,

96 507 126 571 si
154 511 387 591 transponatur
416 530 438 590 9
471 530 567 593 super
595 507 707 572 oirouli
735 508 933 593 periferiam‚
964 510 1107 593 aequalis

96 635 226 697 semper
257 615 300 678 ab
333 614 511 698 apparebit.
570 615 632 679 hoo
668 619 777 679 autem
808 614 1017 679 manifestum
1049 620 1107 680 est.

97 742 210 784 omnes
243 721 329 785 enim
358 744 377 784 a
403 726 525 805 puncto
551 742 572 802 9
604 721 645 784 ad
672 721 715 784 ob
748 719 929 784 accidentes
957 721 1040 785 radii
1067 723 1109 786 ad
1145 731 1160 780 5

95 827 246 909 aequales
271 827 408 912 angulos
432 827 591 912 accidunt,
614 826 767 910 quoniam
791 825 846 910 qui
870 827 910 890 ad
929 827 946 890 b
970 827 1107 912 angulus

94 936 205 996 rectus
229 940 287 997 est.
334 932 476 1016 aequalis
500 954 578 1018 ergo
601 955 653 998 res
677 937 849 1017 conspecta
871 932 1043 996 uidebitur.

1100 349 1109 382 7

163 1163 211 1228 Re
236 1168 409 1249 conspecta
431 1169 594 1248 manente,
618 1165 712 1229 oeulo
735 1187 813 1229 uero
837 1163 1037 1249 transposito
1062 1186 1109 1227 se·

95 1270 237 1334 eundum
251 1276 374 1335 rectam
387 1272 507 1336 lineam
522 1271 688 1353 obliquam
707 1271 747 1335 ad
762 1273 969 1354 conspectam
983 1268 1108 1352 quanti·

94 1379 199 1440 tatem
222 1377 414 1442 existentem
437 1377 632 1461 aliquotiens
657 1375 786 1460 quidem
810 1375 963 1460 aequalis,
986 1374 1161 1458 aliquo-10

94 1482 181 1545 tiens
205 1505 282 1546 uero
305 1483 485 1567 inaequalis
508 1506 559 1548 res
584 1487 757 1566 conspecta
780 1482 958 1566 apparebit.

163 1593 243 1673 esto,
266 1591 352 1673 quod
375 1590 504 1654 uidetur
524 1590 662 1674 quidem,
685 1590 737 1670 ob,
761 1587 873 1653 oculus
894 1592 1002 1651 autern
1022 1587 1065 1651 sit
1084 1609 1107 1670 e,

93 1699 186 1759 reeta
208 1717 285 1760 uero
309 1696 442 1779 obliqua
462 1698 517 1781 qd,
540 1699 572 1759 et
595 1694 753 1758 adiciatur
776 1693 806 1757 ei
830 1715 911 1777 quae
935 1698 985 1758 est
1007 1694 1052 1757 bo
1072 1693 1109 1756 in

762 1799 884 1863 directo
908 1821 952 1882 99
975 1792 1007 1863 et
1032 1821 1106 1864 oon-

760 1905 914 1991 iungatur
932 1910 1039 1970 rectae
1063 1907 1106 1988 dy
1126 1917 1159 1965 15

760 2013 800 2076 ad
815 2034 846 2097 9,
867 2016 900 2076 et
918 2017 1107 2097 transpona-

760 2123 813 2182 tur
846 2119 966 2183 ooulus.
1025 2118 1107 2203 dieo,

779 2225 932 2308 quoniam
967 2224 1093 2310 aliquo-

759 2331 844 2396 tiens
853 2331 982 2414 quidem
992 2354 1107 2415 aequa-

759 2438 811 2522 lis,
825 2438 1018 2521 aliquotiens
1028 2459 1105 2501 uero
1125 2448 1159 2496 20

760 2542 937 2626 inaequalis
971 2547 1105 2626 apparet

90 2650 144 2713 ab.
176 2656 322 2715 sumatur
336 2651 422 2715 enim
437 2655 600 2716 rectarum
614 2651 631 2714 b
634 2672 664 2735 9,
670 2652 718 2732 qd
731 2649 837 2714 media
851 2648 1104 2732 proportionalis

87 2777 144 2841 qe,
172 2761 204 2821 et
227 2757 270 2821 sit
294 2757 405 2822 oculus
429 2780 445 2823 e
472 2763 504 2822 et
527 2762 789 2822 transmoueatur
813 2760 845 2821 et
869 2756 912 2820 sit
935 2755 971 2819 in
993 2755 1105 2819 eadem

88 2867 180 2926 reeta
198 2865 225 2929 d.
262 2864 343 2948 dieo,
367 2865 452 2949 quod
476 2865 535 2928 sub
559 2886 583 2948 e,
601 2866 623 2930 d
643 2863 752 2927 uisum
768 2863 937 2947 inaequale
957 2865 1101 2945 apparet.

164 3096 187 3143 6.
208 3089 268 3162 qui]
287 3075 316 3159 gi
334 3091 371 3145 D.
429 3092 455 3162 b]
474 3109 528 3147 ros.
548 3098 564 3145 1
585 3093 635 3146 litt.
656 3092 693 3144 D.
758 3096 799 3144 13.
820 3089 933 3158 oblique
953 3090 990 3143 D.
1051 3087 1102 3159 bo]

88 3179 177 3230 srqrro
195 3178 245 3216 sor.
264 3180 298 3216 m.
319 3168 334 3215 1
354 3163 392 3216 D.

126 3371 171 3445 os]
191 3371 223 3428 δὲ
239 3373 305 3429 ἔστω
319 3375 416 3430 Vatv.
489 3382 531 3430 20.
554 3376 610 3447 ΓΑ]
625 3380 675 3428 ΑΒ
690 3392 715 3443 v,
735 3377 791 3427 ΑΓ
805 3373 868 3428 Vat.
943 3377 984 3426 21.
1006 3371 1103 3513 uberte}

90 3445 268 3570 &pem
287 3447 362 3518 αὐτῷ
381 3464 406 3501 v.
462 3453 504 3502 23.
523 3447 592 3501 Post
610 3444 663 3516 yolo
682 3463 736 3500 ras.
751 3451 766 3498 2
782 3444 828 3499 uel
843 3450 858 3498 3
873 3443 927 3498 litt.
943 3443 976 3497 V.
1032 3446 1088 3496 ΒΓ
