2424 3944
130 141 174 204 42
472 144 641 195 EUOLIDIS
661 144 797 197 ΟΡΤΙΟΔ.

196 289 278 352 ἔστω
303 299 442 373 σφαῖρα,
465 281 505 370 ἤς
526 284 666 373 κέντρον
688 287 726 351 τὸ
749 293 796 370 Α,
819 284 875 351 καὶ
897 287 1083 373 γεγράφθω
1106 287 1144 354 ἐν

128 405 168 480 τῇ
192 398 319 481 σφαίρᾳ
340 391 416 478 περὶ
434 391 573 479 κέντρον
591 395 628 459 τὸ
647 400 679 458 Α
701 395 821 470 κύκλος
839 393 857 459 ὁ
877 395 949 478 ΒΓ,
972 392 1029 459 καλ
1046 395 1143 479 ἤχθω

129 501 304 587 θιύμετρος
326 499 429 564 αὐτοῦ
452 499 472 582 ἤ
496 503 574 583 ΒΓ,
602 497 657 565 καί
680 501 841 584 ἤχθωσαν
868 498 932 564 ἀπὸ
959 511 1028 566 τῶν
1051 506 1091 586 Β,
1115 504 1148 567 Γ

128 609 211 692 πρὸς
234 606 341 693 ὀρθὰς
366 608 403 671 αί

94 715 290 796 5ΒΔ,ΓΕ,
309 709 400 798 τῇδέ
532 693 569 753 Γ

128 823 157 882 Β
169 822 201 883 Γ
232 819 398 903 παράλλη-

128 930 186 1002 λος
200 927 282 989 ἔστω
296 925 400 1009 ἤΛΕ,

130 1030 184 1116 ἐφ’
209 1026 249 1114 ἤς
275 1034 399 1097 κείσθω

128 1139 168 1202 τὰ
200 1140 329 1222 ύμματα
360 1139 400 1202 τίι

77 1261 111 1309 ιο
128 1251 175 1329 Δ,
203 1250 241 1310 Ε.
305 1245 400 1329 λέγω,

129 1352 179 1416 ὅτι
198 1353 235 1416 τὸ
257 1351 476 1439 ἡμισφαίριον
499 1353 578 1418 ὅλον
601 1352 794 1437 ὀφθήσεται.
830 1353 925 1437 ἤχθω
950 1354 1007 1418 διὰ
1029 1362 1091 1419 τοῦ
1111 1360 1144 1419 Α

128 1456 265 1546 ἑκατέρᾳ
287 1469 355 1523 τῶν
378 1462 450 1542 ΒΛ,
470 1461 534 1522 ΓΕ
558 1458 767 1544 παράλληλος
789 1457 809 1540 ἤ
833 1463 913 1523 ΑΖ·
945 1459 983 1523 τὸ
1007 1463 1142 1524 ΑΒΔΖ

128 1567 192 1649 ἄρα
219 1568 564 1652 παραλληλόγραμμόν
592 1565 690 1630 ἐστιν.
736 1564 795 1630 ἐὰν
823 1566 864 1648 ὃῆ
892 1566 1057 1648 μενούσης
1084 1575 1143 1650 τῆς

128 1679 161 1736 Α
167 1677 194 1736 Ζ
212 1669 425 1759 περιενεχθὲν
444 1675 491 1749 είς
509 1673 546 1736 τὸ
565 1672 646 1736 αὐτὸ
660 1672 761 1737 πάλιν
775 1670 1042 1757 ἀποκατασταθῇ,
1059 1673 1142 1738 ὅθεν

74 1792 108 1841 1ο
128 1778 247 1865 ἤρξατο
276 1778 438 1865 φέρεσθαι
467 1781 503 1843 τὸ
531 1774 744 1865 περιενεχθὲν
771 1788 893 1862 σχῆμα,
924 1775 1057 1862 ἄρξεται
1080 1776 1142 1863 μὲν

128 1885 192 1950 ἀπὸ
216 1895 276 1950 τοῦ
299 1889 338 1969 Β,
362 1885 529 1950 ἐλεύσεται
553 1881 589 1949 δὲ
611 1883 667 1950 καὶ
690 1883 743 1949 ἐπὶ
766 1886 803 1949 τὸ
828 1888 860 1949 Γ
877 1882 932 1949 καὶ
955 1886 994 1950 τὸ
1017 1890 1062 1970 Β,
1084 1884 1140 1951 καὶ

127 1993 164 2056 τὸ
187 1989 392 2077 περιγραφὲν
409 1991 474 2056 ὑπὸ
493 2001 551 2075 τῆς
570 1997 635 2056 AB
659 2002 766 2076 σχῆμα
784 1993 904 2067 κύκλος
923 1993 1025 2076 ἔσται,
1049 1993 1085 2069 ὅς
1104 2016 1141 2075 γε

127 2098 184 2160 θιολ
206 2106 265 2161 τοῦ
289 2095 428 2182 κέντρον
451 2106 510 2182 τῆς
531 2101 676 2184 σφαίρας
699 2097 798 2163 ἐστίν.
834 2097 1055 2184 ἡμισφαίριον
1076 2101 1141 2187 ἄρα

127 2202 311 2288 ὀφθῆσεται
333 2203 399 2267 ὑπὸ
423 2215 489 2269 τῶν
512 2210 555 2288 Δ,
573 2208 605 2268 E
625 2204 790 2288 ὀμμάτων.

73 2412 107 2462 ιο
598 2397 662 2469 κε’.

190 2522 267 2590 Ἐὰν
289 2526 326 2589 τὸ
349 2536 417 2591 τῶν
440 2524 595 2609 ὀμμοίτων
618 2526 781 2609 διάστημα
800 2528 910 2609 μεῖζον
928 2519 949 2612 ἤ
967 2535 1026 2609 τῆς
1045 2525 1082 2592 ἐν
1102 2538 1141 2613 τῆ

125 2635 252 2718 σφαίρᾳ
276 2631 468 2717 διαμέτρου,
493 2634 603 2715 μεῖζον
625 2641 685 2697 τοῦ
708 2630 927 2716 ἤμισφαιρίον
951 2631 1141 2716 ὀφθήσεται

124 2746 182 2821 τῆς
205 2741 358 2823 σφαίρας.

192 2848 273 2910 έστω
297 2855 434 2929 σφαῖρα,
456 2838 497 2926 ἤς
518 2842 656 2930 κέντρον
679 2845 716 2909 τὸ
735 2850 778 2928 Α,
800 2841 855 2908 καί
878 2845 1141 2930 περιγεγράφθω

71 2960 105 3011 26
124 2949 200 3037 περὶ
227 2950 366 3037 κέντρον
393 2951 430 3014 τὸ
454 2957 487 3014 Α
513 2951 635 3026 κύκλος
662 2949 679 3015 ὁ
703 2954 856 3034 ΕΘΛΗ,
884 2952 1014 3034 ὄμματα
1038 2949 1076 3016 δὲ
1100 2954 1141 3017 τὰ

124 3061 167 3141 Β,
192 3060 234 3142 Γ,
265 3054 320 3121 καὶ
353 3059 434 3120 ἔστω
467 3056 504 3121 τὸ
538 3056 701 3139 θιοίστιγμα
733 3056 769 3120 τὸ
797 3054 917 3140 μεταξὺ
945 3067 1014 3121 τῶν
1042 3062 1088 3141 Β,
1114 3061 1147 3124 Γ

125 3165 234 3241 ὄψεων
261 3166 370 3248 μεῖζον
397 3172 455 3246 τῆς
483 3161 519 3227 έν
545 3170 584 3246 τῆ
609 3165 735 3249 σφαίρᾳ
758 3161 951 3247 διαμέτρου,
982 3163 1040 3230 καὶ
1068 3164 1142 3233 ἐπε-

196 3431 219 3479 1.
253 3434 359 3495 σφαῖρα
401 3423 438 3481 6⁰
460 3443 500 3494 m,
529 3427 561 3479 ut
584 3423 662 3480 alibi.
754 3430 778 3478 3.
803 3426 872 3496 ΒΓ]
898 3429 958 3480 ΒΝ
978 3444 1005 3481 v.
1102 3430 1141 3501 Γ]

124 3498 157 3550 Ν
171 3513 197 3550 V.
271 3502 295 3551 ὅ.
316 3501 364 3551 ΒΔ
395 3504 420 3552 Δ
438 3496 469 3549 in
486 3514 539 3550 ras.
554 3496 586 3551 V.
659 3502 682 3551 9.
704 3495 793 3566 ύματα
812 3514 837 3549 v.
903 3501 944 3551 13.
964 3499 1143 3570 παραλληλό-
