2424 3944
134 175 176 240 10
472 175 643 228 εοοτωιε
662 177 800 229 οΡοιοΑ.

129 322 231 386 πάλιν
254 320 323 387 εἰτεί
346 323 464 405 μείζων
486 320 506 403 ἡ
530 319 595 384 ὑπὸ
618 322 724 383 ΖΕΗ
742 323 848 402 γωνία
871 328 929 404 τῆς
951 319 1016 385 ὑπὸ
1044 325 1149 385 ΘΕΚ

129 432 263 513 γωνίας,
281 431 400 513 μείζων
419 430 484 512 ίίρα
497 424 552 491 καὶ
566 426 586 510 ἡ
602 429 676 490 ΖΗ
689 435 747 509 τῆς
764 430 832 490 ΘΚ
847 430 1010 511 φαίνεται.
1034 431 1146 511 μεῖζον

129 537 194 621 ίίρα
212 536 249 599 τὸ
268 531 328 619 μὲν
347 539 411 599 ΒΔ
434 534 596 617 διάστημα
615 542 675 597 τοῦ
691 537 769 618 ΖΗ,
792 535 829 597 τὸ
849 529 887 598 δὲ
906 538 978 598 ΖΗ
992 542 1052 598 τοῦ
1069 538 1144 598 ΘΚ.

129 640 239 706 οὐκέτι
263 636 325 706 οὖν
348 640 535 726 ὀφθήσεται
557 639 752 723 παράλληλα
776 641 857 704 ὄντα
880 640 920 704 τὰ
939 640 1146 724 διαστήματα

94 745 181 812 σε’τί
203 753 290 831 ἴσης,
314 745 386 812 ἀλλ’
408 746 621 829 ἀνισοτιλατῆ.

196 888 250 954 ἐπὶ
275 901 345 953 τῶν
373 887 409 953 ἐν
432 889 583 975 μετεώρῳ
607 885 767 971 κειμένων
790 888 1022 973 διαστημάτων
1045 896 1145 954 καθι-

128 996 218 1063 ἕσθω
242 996 305 1061 ἀπὸ
327 1003 387 1059 τοῦ
406 1000 439 1059 Α
461 997 598 1079 σημείου
621 991 675 1058 ἐπὶ
690 994 730 1058 τὸ
747 993 967 1079 ὑιωιεᾲιενον
986 996 1146 1061 ἐπίπεδον

127 1105 268 1179 κάθετος
290 1103 310 1187 ἡ
330 1108 362 1167 Α
368 1107 411 1187 Β,
438 1101 493 1166 καὶ
516 1105 663 1167 ἔστωσαν

126 1211 331 1297 παραιιηιοι
346 1208 468 1292 aaz,
483 1213 564 1293 ΚΝ,
580 1213 661 1275 σοι.

75 1326 109 1375 10
127 1317 227 1402 λέγω,
256 1318 307 1382 ὅτι
334 1315 389 1381 καὶ
417 1316 522 1392 οὕτως
550 1316 662 1382 ἀνισο-

125 1431 232 1508 πλατη
260 1427 412 1509 φαίνεται
439 1425 480 1487 τὰ
508 1426 579 1507 ΓΔ,
597 1428 661 1488 ΕΖ
929 1483 935 1521 ,
1072 1472 1079 1516 ,

126 1532 260 1617 μεγέθη.
306 1533 401 1616 ἤχθω
429 1531 569 1606 κάθετος
597 1529 660 1596 ἀπὸ
735 1567 747 1611 ,ν
1061 1520 1074 1618 γ’

125 1649 186 1705 τοῦ
214 1644 243 1704 Β
274 1637 329 1704 εἰσὶ
357 1640 418 1722 τὴν
446 1637 513 1711 ΛΞ
542 1638 562 1721 ἡ
591 1642 660 1721 BP,
885 1619 957 1739 P„
1047 1673 1071 1724 „

125 1745 181 1811 καὶ
213 1745 425 1829 ἐκβεβλήσθω
458 1745 478 1828 ἡ
511 1749 575 1808 ΒΡ
608 1743 661 1809 ε’τὶ
716 1717 754 1769 Α
767 1727 902 1846 Q
1035 1723 1075 1838 γ’γ”γ

73 1861 106 1910 15
125 1854 213 1935 τὸΟ,
227 1850 590 1938 καὶπροστιιπτέτωσαν
604 1851 661 1916 ἀκ-
875 1847 917 1886 ‘⁶‘
1030 1833 1064 1880 '⁰'

124 1971 212 2036 τίνες
235 1959 272 2022 αί
292 1962 366 2042 ΑΛ,
385 1961 468 2040 AK,
487 1962 564 2039 ΑΘ,
585 1958 660 2041 ΑΞ,
932 1997 1028 2057 w,

124 2069 206 2148 AN,
225 2069 311 2147 AM,
330 2062 385 2128 καὶ
413 2063 661 2148 ἐπεζεύχθωσαν
763 2096 795 2153 Δ
872 2081 910 2139 B
951 2034 1022 2103 Ἣ

125 2172 256 2254 ιιΑΡ,
279 2175 361 2254 ΛΠ,
384 2175 460 2236 Ao
506 2167 660 2237 ειειοσι
968 2143 1010 2199 ⁴4

125 2276 188 2342 ἀπὸ
202 2276 444 2364 μετεωροτέραν
459 2280 596 2361 σημείου
609 2286 670 2342 τοῦ
685 2283 717 2342 Α
732 2275 785 2342 ἐπὶ
799 2279 860 2361 τὴν
874 2277 939 2352 ΡΞ
955 2275 1146 2355 ἐπέζευκταί

28 2459 33 2470 Ι
72 2395 106 2445 20
124 2408 175 2462 τις
202 2384 318 2450 εὐθεῖα
346 2383 366 2467 ἡ
390 2389 467 2468 ΑΡ,
499 2383 519 2467 ἡ
550 2389 618 2449 ΑΡ
645 2386 709 2471 ίίρα
738 2382 790 2448 ἐπὶ
817 2386 879 2468 τὴν
907 2384 971 2458 ΡΞ
998 2384 1144 2462 ιιιίθετός

124 2491 225 2575 ε’στιν,
249 2489 425 2575 καὶὴΑΟ
448 2489 501 2556 ἐπὶ
520 2492 581 2575 τὴν
600 2495 682 2575 OM,
704 2488 890 2573 ααὶηΑΠ
910 2490 1042 2575 εἰτὶτὴν
1055 2496 1142 2557 ΠΝ.

123 2597 316 2683 ὀρθογώνια
339 2599 403 2684 ἄρα
427 2596 496 2663 ἐστὶ
519 2599 559 2661 τὰ
582 2597 688 2682 ΑΡΞ,
708 2602 829 2681 AHN,
849 2602 966 2663 ΛΟΜ
983 2602 1142 2685 τρίγωνα.

124 2702 194 2769 εἰιεὶ
218 2699 280 2769 οὖν
303 2703 497 2790 ὀρθογώνια
520 2703 600 2789 ἐστι,
622 2708 681 2769 καί
697 2703 788 2769 ἐστιν
806 2703 826 2787 ἡ
845 2701 906 2788 μὲν
924 2709 1003 2769 HN
1020 2714 1060 2790 τῇ
1079 2705 1145 2780 ΡΞ

124 2816 194 2895 ίση,
222 2810 242 2893 ἡ
267 2807 304 2875 δὲ
326 2815 394 2875 ΠΛ
421 2820 480 2895 τῆς
502 2815 570 2875 ΑΡ
592 2814 725 2894 μείζων,
754 2814 872 2895 μείζων
900 2813 965 2898 ἄρα
989 2815 1096 2894 γωνία
1120 2812 1141 2896 ἡ

70 2928 104 2978 25
122 2917 188 2983 ὑπὸ
212 2917 313 2991 ΞΑΡ
330 2926 389 3001 τῆς
410 2917 476 2982 ὑπὸ
497 2922 612 2982 ΠΑΝ.
654 2920 764 3002 μεῖζον
788 2919 852 3004 ἄρα
874 2916 929 2982 καὶ
952 2918 1141 3003 ὀφθήσεται

122 3025 160 3090 τὸ
184 3025 248 3099 ΡΞ
269 3033 329 3089 τοῦ
353 3028 435 3089 ΠΝ.
478 3023 599 3108 ὁμοίως
621 3022 676 3088 καὶ
698 3025 735 3088 τὸ
760 3028 819 3088 ΡΛ
841 3033 901 3088 τοῦ
924 3028 999 3089 HK
1018 3029 1142 3109 μεῖζον.

123 3131 202 3196 ὅλον
235 3134 298 3218 ίίρα
330 3133 367 3196 τὸ
400 3130 468 3206 ΛΞ
498 3131 577 3196 ὅλον
609 3139 669 3195 τοῦ
697 3134 773 3196 ΚΝ
800 3131 986 3216 ὀφθήσεται
1018 3136 1142 3216 μεῖζον.

123 3235 325 3321 ἀνισοιτλατη
349 3240 414 3325 ἄρα
437 3236 492 3304 καὶ
515 3238 621 3314 οὕτως
643 3236 831 3322 ὀφθήσεται
853 3239 894 3303 τὰ
916 3237 1051 3323 μεγέθη.

195 3471 219 3520 3.
243 3463 368 3535 διάδημα
387 3485 413 3535 v,
437 3468 487 3520 sed
506 3484 573 3522 corr.
666 3472 689 3522 6.
713 3467 738 3532 ζ’
757 3467 923 3521 VVat.Bm.
1016 3472 1040 3522 9.
1064 3470 1127 3530 ΛΞ

123 3540 176 3591 ΛΖ
194 3554 220 3592 v.
284 3542 326 3591 10.
346 3536 410 3608 καί]
431 3554 483 3592 om.
503 3539 536 3592 V.
602 3544 642 3592 12.
662 3537 796 3610 κάθετος]
817 3538 847 3591 in
865 3554 918 3591 rae.
938 3556 964 3593 v.
1030 3544 1072 3593 15.
1094 3471 1141 3614 τό]
