2424 3944
126 157 193 221 310
519 159 752 211 CATOP‘I'RICA.

125 304 260 379 πλείους
283 305 359 386 ἐχον
381 313 449 367 τῶν
472 300 641 388 ἐνόπτρων
665 301 721 367 καῖ
744 305 825 368 ἔστω
849 303 887 367 τὸ
912 307 1015 367 ΑΒΔ
1036 306 1141 366 πολυ-

126 411 260 493 γώνων,
284 408 339 474 καῖ
359 411 511 494 είληφθω
534 410 572 475 τὸ
590 407 729 495 κέντρον
751 419 812 475 τοῦ
830 410 955 474 κύκλου
979 418 1041 474 τοῦ
1061 432 1142 493 γρα-

126 513 275 600 φομένου
307 514 382 602 περὶ
413 517 451 581 τὸ
483 517 680 598 πολύγωνον
711 517 748 582 τὸ
782 520 825 600 Θ,
859 514 915 580 καὶ
947 513 1004 580 ἀπ’
1035 515 1142 580 αὐτοῦ

127 622 377 706 ἐπεζεύχθωσαν
400 624 437 686 αἴ
459 625 531 706 ΘΓ,
553 628 625 706 ΘΕ,
646 627 718 707 ΘΔ,
739 627 812 707 ΘΒ,
833 627 895 688 ΘΑ
919 620 973 687 ἐπῖ
994 623 1055 698 τὰς
1077 645 1143 704 γω-

90 739 107 787 5
125 732 209 812 νίας,
232 727 288 793 καὶ
305 733 581 815 προσκείσθωσαν
603 733 746 815 ἔνοπτρα
770 729 906 794 ἐπίπεδα
929 730 1013 814 πρὸς
1034 729 1143 814 ὀρθὰς

124 848 197 913 ταῖς
219 835 474 919 ἐπεζευγμέναις.
519 833 590 901 ἐπεὶ
612 833 674 901 οὖν
699 842 752 919 ἴση
777 833 867 901 ἐστὶν
895 835 916 918 ἡ
941 839 1007 900 ZA
1035 838 1143 917 γωνία

124 952 163 1026 τῇ
187 946 273 1006 ΝΚ·
300 943 388 1027 ὀρθὴ
411 943 475 1028 γάρ
499 942 589 1008 ε’στιν
612 940 760 1027 ἑκατέρα·
789 936 837 1007 ὧν
860 943 880 1026 ἡ
904 946 944 1007 Ν
963 951 1003 1028 τῇ
1028 946 1060 1007 A
1084 947 1140 1025 ἴση

125 1047 230 1132 ἐστίν,
259 1051 357 1133 λοιπι]
380 1051 445 1135 ὄρα
467 1049 488 1132 ἡ
513 1054 541 1113 Ζ
563 1058 603 1134 τῇ
626 1052 661 1111 Κ
686 1055 740 1132 ἴση
764 1048 863 1113 ε’στίν.
908 1049 991 1113 ὥστε
1013 1047 1035 1131 ἡ
1059 1048 1141 1112 ἀνύ-

123 1160 239 1232 κλασις
261 1165 320 1240 τῆς
342 1148 410 1220 ΒΓ
428 1154 535 1233 ὄψεως
557 1153 611 1220 ἐπὶ
633 1156 670 1220 τὸ
694 1160 727 1219 Δ
749 1158 854 1221 ἔσται·
885 1156 941 1220 διὰ
964 1156 1028 1240 γὰρ
1056 1161 1140 1220 ἴσων

72 1271 105 1319 10
124 1273 257 1343 γωνιῶν
271 1264 308 1326 αἱ
320 1261 514 1340 ἀνακλάσεις
527 1264 686 1345 γίνονται.
710 1262 835 1345 ὁμοίως
849 1258 886 1326 δὲ
901 1263 1139 1345 δειχθήσονται

123 1365 179 1432 καὶ
202 1370 239 1433 αἴ
259 1371 342 1455 πρὸς
363 1381 433 1447 τοῖς
454 1375 502 1453 Δ,
521 1374 553 1434 Ε
579 1373 725 1453 σημείοις
752 1372 871 1451 γωνίαι
899 1374 969 1433 ἴσαι
998 1370 1036 1432 αἴ
1056 1371 1142 1451 πρὸς

123 1486 193 1551 τοῖς
215 1475 396 1561 ἐνόπτροις.
441 1477 462 1560 ἡ
485 1478 549 1562 ὄρα
568 1475 631 1541 ἀπὸ
654 1484 714 1540 τοῦ
737 1480 765 1539 Β
790 1475 935 1560 ὄμματος
958 1475 1036 1553 ὄψις
1059 1475 1140 1540 ἀνα-

122 1581 271 1666 κλωμένη
294 1582 349 1647 καὶ
367 1592 599 1668 προσπεσοῦσα
617 1584 700 1668 πρὸς
717 1583 825 1647 πάντα
843 1584 884 1646 τὰ
902 1585 1047 1668 ἔνοπτρα
1066 1581 1137 1666 ἥξει

124 1686 177 1754 ἐπὶ
200 1690 237 1754 τὸ
261 1696 302 1754 Α.

71 1856 105 1905 15
605 1847 656 1914 ιε’.

179 1972 274 2038 Ἔστι
297 1971 334 2038 δὲ
356 1972 412 2039 καῖ
434 1975 490 2039 διδι
513 1985 644 2059 κυρτῶν
667 1973 837 2059 ἐνόπτρων
859 1970 915 2037 καὶ
938 1973 995 2037 διὰ
1014 1976 1139 2037 κοίλων

126 2081 210 2143 ίδεῖν
235 2081 271 2144 τὸ
295 2081 386 2146 αὐτό.

191 2188 272 2250 ἔστω
297 2186 374 2271 γάρ,
398 2186 415 2251 ὃ
440 2189 492 2252 δεῖ
514 2189 613 2271 ίδεῖν,
640 2188 677 2252 τὸ
701 2193 747 2272 Α,
775 2185 863 2271 ὄμμα
886 2182 923 2250 δέ
945 2187 982 2250 τὸ
1008 2190 1054 2270 Β,
1083 2185 1138 2251 καῖ

124 2291 246 2375 ὁμοίως
277 2291 523 2378 ἀναγεγράφθω
556 2295 753 2375 πολύγωνον
786 2295 984 2377 ἰσόπλευρόν
1016 2315 1052 2357 τε
1084 2291 1138 2357 καῖ

71 2408 106 2456 20
126 2400 304 2481 ίσογώνιον
322 2400 359 2463 τὸ
374 2403 552 2483 ΑΒΓΔΕ,
570 2397 626 2464 καὶ
644 2401 727 2485 πρὸς
745 2410 814 2476 τοῖς
834 2401 870 2482 Γ,
885 2405 929 2482 Δ,
943 2404 975 2463 Ε
991 2402 1139 2483 σημείοις

125 2508 206 2570 ἔστω
231 2509 372 2592 ἔνοπτρα
393 2507 544 2590 ἐπίπεδα,
567 2505 628 2591 ἀφ’
650 2502 698 2572 ὧν
721 2507 836 2591 δρᾶται
858 2507 895 2570 τὸ
918 2511 961 2589 Α,
984 2506 1136 2591 καθάπερ

125 2610 302 2696 δέδεικται,
329 2612 384 2678 καὶ
407 2617 618 2698 προσκείσθω
642 2615 773 2690 τούτοις
794 2617 890 2677 κοῖλα
913 2611 933 2695 ἢ
956 2612 1062 2697 κυρτδι
1086 2616 1137 2677 ἔν-

196 2865 218 2912 1.
240 2858 309 2929 ἐχων
327 2877 353 2927 v,
377 2859 427 2912 sed
446 2875 514 2914 corr.
586 2860 653 2930 τῶν]
673 2867 727 2913 τῶν
748 2853 957 2946 ἐπιταχθέντων
976 2875 1012 2912 m.
1088 2854 1137 2912 καί

124 2961 157 2973 ·-
176 2933 247 2984 πολυ
248 2931 362 3001 γίινιον]
381 2930 411 2984 τδ
430 2933 567 2984 ΑΒΓΔΕ
585 2948 620 2984 m.
685 2936 709 2983 2
729 2925 923 3000 γραφομένου]
943 2945 996 2982 om.
1016 2945 1054 2984 m.
1112 2934 1134 2983 3.

123 2999 203 3073 περί]
227 2951 274 3055 ἐπί
296 3002 357 3090 Μν.
448 3001 664 3070 πολύγωνον-
684 3001 789 3125 αὐτοῦ]
812 3003 951 3053 ΑΒΓΔΕ
972 3000 1137 3070 πολύγωνον

123 3070 369 3141 περιγραφομένου
392 3072 442 3126 καὶ
466 3072 531 3127 ἔστω
553 3072 585 3126 τὸ
610 3075 635 3127 Θ
658 3071 707 3125 καῖ
729 3072 770 3125 ἀπ
810 3079 859 3124 τοῦ
880 3073 906 3126 Θ
928 3068 1046 3138 κέντρου
1069 3072 1138 3139 πρὸς

124 3142 174 3206 τὰς
196 3153 245 3198 τοῦ
264 3147 401 3198 ΑΒΓΔΕ
421 3145 585 3212 πολυγώνου
604 3140 707 3234 γωνίρις
725 3161 761 3196 m.
852 3142 1029 3214 πολύγωνον]
1053 3146 1138 3197 πολυ-

124 3216 227 3284 γώνιον
246 3215 283 3283 Μ,
304 3215 379 3284 etV,
400 3215 450 3268 sed
468 3231 536 3269 corr.
609 3220 634 3268 4.
654 3213 685 3268 αἱ
721 3215 832 3268 εὐθεῖαι
851 3213 882 3266 αἱ
900 3213 937 3268 Μ.
999 3216 1060 3283 ΘΑ,
1069 3217 1137 3302 ΘΒ,

124 3236 189 3353 ΘΓ,
207 3289 265 3353 ΘΔ,
282 3289 338 3341 ΘΕ
355 3305 391 3340 m.
447 3285 540 3339 ἐπὶ
511 3305 561 3347 τας
580 3283 683 3355 γωνίας
714 3302 767 3339 om.
787 3303 822 3338 m.
884 3291 909 3339 6.
928 3284 1021 3349 ἐπιζευ
1023 3281 1139 3354 γμέναις

124 3356 185 3424 Vv3
208 3360 269 3425 ΘΓ,
286 3360 345 3425 ΘΔ,
362 3360 471 3412 &Em
538 3363 560 3411 7
583 3356 760 3428 ΝΚ]ΚΜ
780 3358 895 3409 KNm
961 3361 984 3410 9
1005 3355 1137 3428 Δέσται]

125 3433 161 3499 δκ
179 3447 216 3501 Μ
275 3452 316 3500 12.
337 3446 471 3518 ὄμματος]
489 3446 523 3514 V,
543 3462 596 3500 om.
612 3445 704 3500 va.
766 3451 807 3499 13.
827 3445 1034 3516 προσπεσοῦσα]
1053 3463 1139 3514 προσ·

125 3514 266 3571 πίπτουσα
285 3536 321 3570 m.
413 3523 454 3572 15
476 3491 524 3589 ιε’]
543 3517 591 3587 κβ’
606 3517 661 3572 Vv.
750 3521 791 3570 16.
811 3514 1006 3584 ἐνόπτρωυ-
1025 3515 1138 3589 κοίλων]
