2424 3944
128 167 193 232 218
336 170 546 222 ονιτοοιιαιι
563 169 743 221 ιιιιοωωειο
761 168 931 221 mom.

128 313 235 398 ὀρθὰς
262 314 345 399 πρὸς
371 314 409 378 τὸ
431 312 651 397 ὑποκείμενον
674 311 844 396 ἐπίπεδον,
876 313 964 396 ὄμμα
992 307 1032 376 δὲ
1059 313 1140 377 ἔστω

128 421 165 484 τὸ
190 423 232 503 Γ,
259 419 314 485 καὶ
343 418 467 506 κέντρῳ
495 415 556 503 μὲν
578 429 624 506 τῷ
649 424 691 502 Β,
720 419 916 502 διαστήματι
944 414 981 482 δὲ
1009 427 1057 505 τῷ
1079 420 1145 482 ΒΓ

127 527 248 603 κύκλος
275 527 457 612 γεγράφθω
480 525 497 590 δ
518 529 587 590 ΓΔ.
632 524 732 609 λέγω,
761 525 826 609 ὅτι,
855 524 914 590 ἐὰν
936 525 974 590 τὸ
1004 528 1037 589 Γ
1060 531 1140 608 μεθ-

129 644 257 718 ιστηται
293 631 345 698 ἐπὶ
384 633 508 697 κύκλου
545 636 769 718 περιφερείας,
807 637 882 696 ἴσον
914 628 966 696 ἀεὶ
1002 632 1041 696 τὸ
1075 635 1139 696 ΑΒ

93 745 319 825 5φανήσεται.
369 747 469 803 τοῦτο
503 734 539 802 δέ
566 740 714 824 φανερόν
742 737 845 803 ἐστιν·
883 747 985 802 πᾶσαι
1016 739 1079 823 γάρ
1107 739 1141 801 αί

129 847 192 912 άπὸ
212 856 272 911 τοῦ
288 849 320 910 Γ
333 849 470 929 σημείου
488 845 571 930 πρὸς
589 846 626 909 τὸ
641 849 707 909 ΑΒ
726 848 993 931 προσπίπτουσαι
1012 843 1137 920 ἀκτῖνες

126 954 210 1038 πρὸς
239 958 311 1028 ίσας
339 956 462 1034 γωνίας
491 955 770 1037 προσπίπτουσιν,
804 951 978 1037 ἐπειδήπερ
1010 950 1031 1034 ή
1058 952 1136 1037 πρὸς

127 1069 172 1146 τῷ
196 1063 224 1122 Β
252 1058 340 1144 ὀρθή
363 1057 461 1123 ἐστιν.
508 1064 582 1123 ἴσον
605 1059 670 1144 άρα
692 1059 729 1123 τὸ
753 1057 923 1144 δρώμενον
946 1059 1134 1142 φανήσεται.

608 1313 652 1372 μ.

74 1429 108 1477 10
192 1410 267 1478 Ἐὰν
291 1410 328 1477 δέ
349 1414 387 1478 τὸ
410 1411 580 1499 δρώμενον
598 1411 740 1496 μέγεθος
762 1414 806 1496 μή
824 1413 908 1498 πρὸς
926 1412 1036 1498 ὀρθὰς
1054 1406 1076 1499 ᾖ
1092 1420 1131 1499 τῳ

125 1518 328 1608 ὑποκειμένῳ
358 1519 515 1607 ἐπιπέδῳ,
543 1526 738 1604 μεθιστῆται
762 1515 798 1583 δέ
823 1517 876 1583 ἐπὶ
899 1519 1026 1584 κύκλου
1049 1540 1131 1605 περι-

126 1630 273 1712 φερείας,
297 1627 415 1691 άνισον
438 1624 488 1690 άεὶ
511 1625 705 1710 ὀφθήσεται.

192 1736 274 1797 ἔστω
306 1734 427 1808 κύκλος
460 1732 476 1797 ὁ
505 1737 587 1816 ΑΘ,
620 1731 675 1796 καὶ
702 1732 852 1816 εἰλήφθω
882 1729 935 1795 ἐπὶ
963 1739 1023 1815 της
1048 1752 1129 1815 περι-

125 1843 259 1925 φερείας
286 1839 389 1904 αὐτοῦ
412 1851 548 1922 σημεῖον
571 1840 608 1902 τὸ
631 1845 678 1920 Δ,
706 1835 762 1902 καὶ
789 1836 955 1902 ἀνεστάτω
984 1839 1030 1923 μή
1057 1837 1129 1923 πρὸς

74 1960 106 2008 15
125 1945 232 2030 ὀρθάς
259 1955 304 2032 τῷ
328 1947 437 2032 κύκλῳ
466 1945 581 2010 εὐθεῖα
606 1943 627 2027 ἡ
650 1949 731 2027 ΔΖ,
759 1941 848 2028 ὄμμα
871 1940 908 2008 δὲ
931 1946 1016 2009 ἐστω
1040 1945 1076 2010 τὸ
1096 1947 1127 2008 λλ

126 2050 220 2134 λέγω,
244 2053 294 2117 ὅτι
317 2050 337 2133 ή
358 2057 391 2115 Δ
397 2056 434 2134 Ζ,
459 2050 516 2117 ἐάν
540 2049 592 2116 ἐπὶ
615 2061 673 2134 τῆς
695 2059 755 2115 τοῦ
777 2051 903 2115 κύκλου
926 2053 1129 2137 περιφερείας

124 2163 333 2241 μεθιστήται,
357 2153 434 2221 ποτὲ
458 2161 577 2241 μείζων
600 2159 797 2242 φανήσεται,
819 2152 899 2220 ποτε
921 2155 1081 2222 ἐλάσσων.

191 2265 263 2347 ήτοι
288 2265 328 2347 δή
352 2262 372 2346 ή
397 2270 430 2328 Δ
437 2268 463 2327 Ζ
491 2267 609 2348 μείζων
637 2262 705 2328 ἐστὶ
728 2272 786 2347 τής
809 2262 845 2328 ἐκ
868 2270 928 2326 τοῦ
952 2259 1128 2350 κέντρουή

126 2377 179 2454 ίση
203 2369 223 2454 ή
248 2369 405 2436 ἐλάσσων.
443 2374 524 2436 ἔστω
548 2373 710 2457 πρότερον
732 2372 860 2454 μείζων,
883 2367 940 2434 καὶ
962 2370 1060 2454 ήχθω
1081 2367 1129 2434 διδ

71 2493 106 2542 20
124 2488 183 2543 τοῦ
211 2484 242 2543 Ε
267 2477 406 2563 κέντρου
429 2487 469 2563 τῇ
493 2484 526 2542 Δ
533 2482 560 2541 Ζ
587 2477 796 2563 παράλληλος
820 2474 841 2558 ἡ
864 2479 941 2560 ΕΓ,
974 2475 1033 2542 καὶ
1055 2479 1127 2542 ἔστω

126 2592 178 2668 ίση
202 2593 240 2669 νή
264 2591 297 2648 Λ
304 2589 331 2648 Ζ
354 2583 374 2667 ή
399 2587 471 2667 ΕΓ,
500 2582 554 2648 καὶ
582 2585 677 2667 ήχθω
702 2583 765 2648 άπὸ
788 2591 848 2647 τοῦ
872 2586 905 2648 Γ
923 2587 1062 2667 σημείου
1083 2577 1128 2648 ἐπὶ

123 2693 160 2756 τὸ
191 2691 409 2775 ὑποκείμενον
446 2691 601 2755 ἐπίπεδον
636 2691 778 2767 κάθετος
808 2689 828 2772 ή
863 2693 935 2754 ΓΗ
967 2688 1024 2755 καὶ
1056 2706 1128 2772 συμ·

123 2797 267 2879 βαλλέτω
300 2807 345 2884 τῳ
374 2795 516 2884 ἐπιπέδῳ
548 2797 631 2860 κατά
663 2798 700 2862 τὸ
729 2801 768 2860 Η
795 2807 946 2880 σημεῖον,
981 2795 1039 2862 καὶ
1067 2796 1127 2863 ἐπι-

124 2907 296 2987 ζευχθεῖσα
332 2903 352 2987 ή
384 2907 463 2967 ΕΗ
499 2902 710 2987 ἐκβεβλήσθω
752 2901 806 2967 καὶ
844 2902 1059 2987 συμβαλλέτω
1091 2908 1125 2986 τή

70 3021 103 3071 26
122 3013 314 3097 περιφερείᾳ
349 3010 431 3073 κατά
467 3010 504 3073 τὸ
537 3014 584 3093 Α,
620 3007 675 3074 καὶ
712 3010 807 3092 ήχθω
840 3010 897 3072 διὰ
932 3018 993 3074 τοῦ
1027 3016 1059 3075 Α
1090 3015 1124 3092 τῇ

193 3242 216 3290 5.
237 3236 323 3290 τούτω
338 3254 363 3290 v.
419 3236 520 3305 ἐστιφ
586 3242 609 3290 6.
629 3236 672 3308 τό]
692 3253 760 3291 corr.
781 3252 816 3290 ex
833 3256 870 3309 τῳ
888 3254 924 3290 m.
944 3253 1000 3290 rec.
1020 3237 1052 3291 V
1101 3237 1120 3285 9

122 3307 229 3379 μί’]με
244 3325 271 3376 p,
291 3307 340 3376 μδ’
355 3306 411 3360 Vv.
485 3312 526 3360 11.
528 3305 627 3397 66]6
609 3304 690 3362 δὲτὸ
710 3310 757 3378 (τω
771 3311 799 3397 v)
819 3308 833 3362 ὁ
835 3290 961 3432 ράμενον
980 3325 1030 3377 vp.
1086 3308 1120 3357 12

120 3379 189 3432 Post
208 3377 366 3448 ὀφθήσεται
384 3378 448 3432 add.
468 3377 541 3432 κατὰ
555 3377 732 3469 παράλληλον
751 3376 835 3434 θέσιν
853 3377 919 3450 τήέ
920 3378 1038 3449 ἀρχης
1049 3394 1119 3512 μετα

121 3452 222 3520 βαῖνον
240 3467 295 3518 mg.
315 3468 351 3503 m.
371 3455 431 3502 λι.
523 3455 564 3504 14.
585 3447 699 3519 σημείου
718 3469 743 3504 v.
836 3455 877 3505 17.
902 3450 971 3503 Post
988 3467 1055 3504 ποτε

122 3520 174 3575 del.
195 3518 291 3590 μένῳ.
365 3522 457 3588 μεῖζον
476 3539 500 3574 v
589 3526 630 3576 18.
652 3521 715 3589 ἥτοι
734 3520 817 3594 ἃή]“
801 3543 819 3592 η
839 3519 871 3576 δέ
890 3538 905 3576 e
924 3537 994 3575 corr.
1013 3538 1043 3591 v,
1068 3447 1120 3586 ήζά
