2424 3944
203 165 241 217 IN
260 164 470 217 OPTICORUM
488 163 743 216 RECENSIONEM
761 165 927 218 THEONIS.
1005 161 1071 226 263

59 315 124 373 τοῦ
153 310 225 371 ZK.
279 309 429 391 είληφθω
458 307 520 393 γὰρ
550 304 602 371 έπὶ
630 316 687 390 τῆς
716 311 784 371 ΖΚ
808 309 909 391 τυχὸν
938 319 1074 391 σημεῖον

62 415 103 479 τὸ
125 417 165 497 Ε,
187 411 242 478 καὶ
265 415 359 498 ἤχθω
382 414 465 500 πρὸς
488 413 594 499 ὀρθὰς
616 423 655 499 τῇ
681 418 748 478 ΖΚ
768 414 787 499 ἡ
810 418 889 479 EH.
925 411 980 477 καὶ
1005 412 1074 477 ἐπεὶ

60 521 102 585 αἱ
122 518 214 598 ὄψεις
236 523 398 606 πρότερον
420 521 503 607 πρὸς
525 521 586 603 την
604 525 676 584 HE
704 524 968 607 προσπίπτουσιν
991 521 1072 605 ἥπερ

60 627 146 712 πρὸς
168 628 229 711 τὴν
252 630 329 711 ΕΓ,
360 625 587 712 προσπιπτέτω
615 637 654 712 τῇ
678 631 750 691 ΗΕ
775 627 795 710 ἡ
819 623 879 710 μὲν
901 628 969 690 ΒΓ
990 626 1073 690 κατὰ

62 733 103 798 τὸ
126 737 166 797 Η
189 744 339 816 σημεῖον,
370 729 452 817 ηδε
475 738 537 797 ΒΔ
559 733 641 796 κατὰ
664 734 701 797 τὸ
720 737 766 816 Λ,
798 728 878 815 ἡδὲ
900 736 964 796 ΒΖ
991 733 1073 796 κατὰ
1110 746 1126 793 5

61 840 101 904 τὸ
125 843 173 903 Μ.
219 837 288 903 ε’πεὶ
311 835 373 904 οὖν
396 840 433 903 τὸ
456 843 496 903 Η
519 848 579 903 τοῦ
603 844 634 903 Λ
660 842 901 925 μετεωρότερον
924 839 1007 922 ε’στι,
1034 841 1072 904 τὸ

62 942 102 1010 δὲ
126 950 157 1009 Λ
179 954 239 1010 τοῦ
262 950 315 1028 Μ,
348 943 421 1010 ἀλλ’
443 944 478 1010 ἐν
501 940 528 1033 ᾧ
552 945 620 1010 ε’στι
643 948 680 1010 τὸ
704 950 753 1029 Η,
786 945 950 1034 ἐντούτῳ
974 946 1011 1010 τὸ
1036 949 1072 1029 Γ,

61 1053 100 1118 έν
123 1047 150 1140 ᾧ
173 1049 210 1117 δέ
232 1053 270 1117 τὸ
295 1056 339 1135 Λ,
372 1051 408 1117 έν
435 1052 541 1140 τούτῳ
569 1053 606 1117 τὸ
629 1058 676 1136 Δ,
710 1052 745 1117 ἐν
773 1045 800 1140 ᾦ
828 1049 865 1117 δέ
889 1055 926 1118 τὸ
951 1058 1004 1137 Μ,
1037 1052 1073 1118 ἐν

61 1160 169 1246 τούτῳ
191 1160 227 1224 τὸ
248 1163 285 1241 Ζ,
308 1159 364 1223 διὰ
384 1155 420 1222 δέ
438 1169 506 1224 τῶν
524 1162 597 1242 ΒΓ,
616 1164 679 1224 ΒΔ
701 1158 721 1242 η
741 1163 811 1223 ΛΓ
830 1164 992 1243 φαίνεται,
1017 1161 1073 1224 διὰ

62 1262 101 1330 οι
123 1277 190 1330 τοι
213 1270 285 1349 ΒΛ,
304 1269 367 1329 ιιι
390 1265 411 1349 η
436 1270 516 1349 ΖΛ,
545 1266 600 1329 οτι
623 1262 660 1329 οε
682 1277 749 1330 τοι
771 1266 972 1350 Bam
996 1271 1125 1350 KZ,10

62 1373 187 1438 οὐκοῦν
214 1370 235 1454 ἡ
262 1368 322 1456 μὲν
347 1376 408 1436 ΓΛ
434 1381 492 1455 τῆς
514 1377 547 1436 A
553 1376 580 1435 Z
608 1369 829 1456 μετεωροτέρα
857 1374 1023 1455 φαίνεται,
1051 1372 1072 1455 ἡ

61 1586 213 1670 ὁρώμενα
244 1588 465 1670 μετεωρότεροι
494 1589 655 1669 φαίνεται.
710 1595 777 1648 τῶν
805 1585 869 1669 ἄρα
896 1583 983 1648 κοίτω
1012 1593 1071 1648 τοῦ

61 1691 207 1778 ὄμματος
228 1691 388 1776 κειμένων
411 1690 466 1756 καί
490 1693 529 1755 τὰ
553 1689 634 1774 ἑξῆς.

446 1867 497 1932 Ad
520 1889 610 1952 prop.
634 1867 690 1931 XI.
1035 1860 1038 1864 ’
1092 1878 1125 1926 15

129 1996 180 2058 29.
219 1993 330 2058 Πάλιν
363 1992 420 2057 ἐὰν
451 1991 576 2077 ἀγάνης
602 1992 814 2077 παράλληλον
845 1991 982 2057 εὐθεῖαν
1015 1992 1071 2056 διὰ

58 2110 121 2167 τοῦ
146 2105 182 2184 Γ,
206 2101 353 2185 φανερὸν
376 2102 467 2165 ἔσται
490 2099 553 2163 ἀπὸ
577 2109 644 2163 τῶν
667 2102 819 2182 σημείων.

438 2277 490 2342 Ad
511 2299 602 2362 prop.
625 2275 698 2340 XII.

129 2405 180 2468 30.
218 2406 322 2467 Τοῦτο
346 2402 391 2478 ὡς
413 2401 477 2467 ἀπὸ
499 2411 560 2466 τοῦ
583 2399 615 2470 ς’
635 2402 866 2487 φανερώτερον
889 2405 1024 2485 γίνεται.

433 2577 485 2642 Ad
507 2599 599 2662 prop.
621 2576 707 2644 XIV.
1089 2587 1124 2636 νο

129 2708 180 2771 31.
211 2703 460 2789 Ἀντίστροφον·
489 2700 556 2766 ἐκεῖ
580 2697 641 2785 μέν
667 2702 730 2787 γὰρ
753 2701 818 2767 ὑπὸ
842 2710 902 2766 τοῦ
926 2699 1071 2786 ὄμματος

59 2811 158 2894 ἐτέθη
183 2812 222 2875 τὰ
245 2808 383 2896 μεγέθη,
407 2818 471 2874 νῦν
493 2804 531 2872 δέ
554 2808 622 2871 ἄνω
647 2816 706 2871 τοῦ
730 2806 883 2892 ὄμματος.

433 2985 485 3050 Ad
507 3007 598 3070 prop.
622 2982 706 3049 XVI.

129 3115 178 3178 32.
210 3111 461 3196 Ἀντίστροφον,
489 3111 534 3186 ὡς
561 3112 592 3174 εί
617 3111 755 3192 νοηθείη
784 3109 820 3173 τὸ
845 3118 951 3193 σχῆμα
974 3132 1069 3193 μετα-

59 3219 237 3306 τιθέμενον
260 3220 329 3283 ὄνω
352 3217 448 3282 κοίτω.
1089 3227 1123 3275 25

60 3328 273 3338 .-.-—.....-—--

132 3377 320 3442 29.VVat.q.
394 3372 583 3440 30.VVass.q.
657 3376 698 3425 31.
718 3371 765 3425 Ψ.
838 3376 880 3426 32.
900 3372 947 3428 Ψ.

133 3525 156 3574 4.
178 3520 247 3590 ΒΓ]
268 3523 289 3572 Β
308 3534 323 3572 e
342 3534 410 3572 corr.
429 3534 456 3584 q.
529 3522 571 3570 21.
590 3513 658 3586 ὑπό]
677 3513 831 3583 ὑπότερονλ
848 3514 897 3570 Ψ.
