2424 3944
158 195 221 260 150
366 197 575 249 OPTICORUM
593 197 771 248 RECENSIO
790 195 956 248 THEONIS.

156 345 206 417 τίς
229 340 248 423 ἡ
273 343 361 405 αἰτία
384 344 545 423 γίγνεται,
573 338 619 404 δι’
641 340 683 423 ἣν
706 341 767 424 οὐχ
790 339 852 426 ὁρᾷ
880 340 897 404 ό
920 361 954 403 τε
979 341 1085 422 ζητῶν
1109 339 1169 421 τὴν

156 447 298 531 βελόνην
316 446 371 512 καί
390 448 407 512 δ
428 456 472 534 τῷ
492 450 610 534 βιβλίῳ
631 447 785 525 ἀτενίζων
803 447 911 510 πάντα
925 446 965 509 τά
979 445 1169 530 νράμματα;

155 558 296 642 πότερόν
319 576 397 619 ποτε
424 554 480 617 διά
509 555 544 618 τὸ
568 557 820 640 μετεωρίζεσθαι
842 562 882 638 τῇ
906 553 1054 639 διανοίᾳ;
1094 549 1166 616 ἀλλ’

157 658 257 726 οὐδὲν
279 657 378 743 ἦττον
398 659 654 744 ἐπιλογιζόμενοι
673 664 805 743 ζητοῦσι
827 658 883 723 καὶ
902 659 1088 744 ὁλοσχερῶς
1109 658 1168 742 οὐχ

121 781 137 829 5
157 768 361 855 εὑρίσκουσι,
391 768 549 844 πολλάκις
578 765 615 832 δὲ
638 768 830 852 ὁμιλοῦντες
853 764 976 851 ἑτέροις
998 763 1055 829 καί
1078 787 1168 850 περι-

156 876 322 958 σπώμενοι
341 883 379 960 τῇ
395 876 528 961 διανοίᾳ
542 874 732 959 εὑρίσκουσι
751 881 885 938 θᾶττον.
914 870 986 938 ἀλλ’
1004 872 1045 937 οὐ
1060 873 1167 937 πάντα

156 981 196 1044 τά
219 981 339 1045 εἰδωλα
362 983 559 1066 εἰσκρίνεται
586 984 633 1057 εἰς
661 983 721 1065 την
749 981 880 1065 όρασιν;
925 978 981 1044 καί
1006 983 1057 1056 τίς
1081 981 1168 1044 αἰτία

155 1095 215 1151 τοῦ
248 1086 521 1174 ἀποκληροῦσθαι
555 1090 595 1153 τά
627 1091 871 1172 εἰσκρινόμενα;
914 1085 976 1150 ’καί
1008 1088 1077 1171 μὴν
1110 1088 1167 1170 την

156 1194 262 1276 φύσιν
285 1197 406 1278 ἔφασκε
433 1196 516 1259 κατὰ
543 1197 583 1259 τά
606 1199 670 1274 ζῶα
697 1196 737 1259 τά
764 1192 824 1278 μὲν
849 1206 916 1259 τῶν
939 1197 1167 1279 αἰσθητηρίων

103 1312 138 1360 10
157 1300 240 1384 πρὸς
252 1299 422 1385 ὑποδοχὴν
441 1302 562 1366 εὔθετα
575 1299 857 1384 κατεσκευακέναι,
875 1302 916 1364 τά
929 1296 966 1364 δδ
980 1302 1035 1384 μή.
1066 1299 1166 1383 ἀκοὴν

156 1403 216 1490 μὲν
239 1407 302 1492 γάρ
325 1406 380 1471 καὶ
403 1415 519 1489 νεῦσιν
546 1406 601 1471 καὶ
624 1406 790 1491 ὄσφρησιν
813 1412 908 1472 κοῖλα
931 1407 1166 1471 κατεσκεύακεν

157 1512 249 1590 ἐντὸς
268 1514 313 1590 ὡς
331 1512 455 1591 ἔξωθεν
474 1514 589 1589 αὐταῖς
607 1518 824 1600 προσπίτνειν
839 1515 973 1598 σώματα
987 1515 1165 1595 κινήσοντα

155 1621 214 1696 τάς
246 1622 418 1704 αἰσθήσεις
449 1622 579 1697 ταύτας.
635 1619 716 1706 ἀκοῇ
740 1616 809 1704 ’μὲν
841 1621 903 1705 γάρ
937 1621 1035 1703 φωνὴ
1068 1634 1164 1704 προσ-

155 1730 321 1791 πίπτουσα
343 1730 446 1792 τόπον
470 1727 655 1810 ἰπιτηδειον
679 1728 819 1810 ὤφειλεν
843 1726 1009 1811 εὑρίσκειν
1033 1727 1118 1810 πρὸς
1133 1725 1163 1790 τὸ

104 1845 136 1894 15
157 1833 328 1917 ἀναμεῖναι
356 1831 411 1897 καλ
438 1836 481 1918 μὴ
510 1835 592 1898 κατά
615 1835 675 1917 τὴν
699 1837 910 1919 πρόσπτωσιν
938 1831 1067 1910 εὐθέως
1092 1831 1164 1897 ἀπο-

156 1943 342 2004 παλθεῖσαν
365 1940 426 2022 τη’ν
445 1963 478 2003 τε
502 1945 662 2022 αἰσθησιν
682 1938 839 2022 ἀκίνητον
858 1939 1098 2023 διαφυλάττειν
1116 1935 1164 2003 καλ

155 2046 216 2128 τὴν
250 2044 491 2130 ἐπιφερομένην
528 2044 663 2131 συγχέαι
700 2048 826 2130 φωνήν.
887 2045 1008 2130 ὁμοίως
1041 2043 1079 2111 δὲ
1116 2042 1164 2111 καὶ

156 2149 336 2236 ὄσφρησιν·
373 2151 427 2217 ἐπὶ
459 2149 519 2237 μὲν
551 2155 613 2239 γὰρ
646 2155 788 2236 νεύσεως
820 2157 855 2217 τί
880 2154 933 2217 δεῖ
962 2151 1018 2217 καὶ
1047 2153 1163 2237 λίγεια

157 2258 210 2322 διὸ
234 2257 288 2323 καί
312 2259 453 2343 μάλιστά
476 2282 545 2336 πως
568 2256 665 2326 αὗται
689 2262 725 2325 αἰ
742 2262 915 2343 αἰσθήσεις
932 2264 1045 2324 κοῖλαί
1062 2283 1097 2325 τε
1116 2256 1163 2325 καί

103 2377 137 2425 20
157 2364 358 2452 ἀντροειδεῖς
371 2368 682 2451 κατεσκευάσθησαν
700 2369 783 2454 πρὸς
796 2368 833 2431 τὸ
849 2364 1000 2451 ἐμμένειν
1013 2367 1055 2430 τά
1069 2381 1164 2452 προσ-

156 2474 317 2537 πίπτοντα
341 2474 475 2558 σώματα
497 2479 652 2550 πλείονας
675 2477 824 2561 χρόνους.
860 2471 916 2537 καὶ
935 2471 987 2537 ἐπὶ
1011 2480 1072 2556 τῆς
1096 2469 1164 2558 6ρά-

157 2595 239 2655 σεως
262 2575 333 2663 οὖν,
356 2586 446 2666 εἰπερ
466 2579 591 2658 ἐζωθεν
610 2580 693 2666 αὐτῇ
712 2579 913 2664 προσέπιπτε
931 2580 971 2643 τά
989 2582 1165 2663 κινήσοντα

156 2685 261 2769 αὐτην
280 2684 424 2770 σώματα,
442 2685 498 2750 καὶ
516 2688 560 2771 μη
580 2686 661 2771 αὐτη
686 2684 897 2764 ἐξαπίστελλέ
913 2708 946 2750 τι
965 2684 1025 2769 ἀφ’
1043 2685 1165 2770 ἑαυτῆς,

157 2792 223 2856 ἔδει
246 2794 307 2876 την
325 2795 531 2877 κατασκευὴν
549 2794 651 2877 αὐτῆς
668 2797 784 2876 κοίλην
803 2816 838 2857 τε
856 2791 911 2857 καὶ
930 2793 1074 2858 εὔθετον
1090 2793 1165 2879 πρὸς

104 2909 137 2958 25
156 2898 326 2983 ὑποδοχὴν
349 2910 416 2964 τῶν
434 2902 710 2984 προσπιπτόντων
733 2900 894 2983 σωμάτων
913 2893 1013 2963 εἰναι·
1037 2897 1118 2964 νυνὶ
1134 2892 1164 2961 δὲ

155 3011 332 3093 θεωρεῖται
354 3015 453 3071 τοῦτο
481 3007 542 3090 οὐχ
565 3006 670 3082 οὕτως
694 3008 783 3090 ἔχον,
812 3004 895 3070 ἀλλά
917 3009 1047 3088 μᾶλλον
1073 3023 1163 3090 σφαι-

156 3114 287 3197 ροειδὴς
310 3108 393 3179 οὖσα
416 3120 591 3198 θεωρεῖται
614 3112 634 3194 ἡ
659 3113 781 3197 ὅρασις.

230 3348 253 3395 1
273 3340 419 3412 ηἰνεταιρ.
476 3348 499 3395 5.
521 3340 684 3409 εδρήσκουοι
698 3359 723 3407 v,
740 3340 789 3394 sed
799 3357 867 3394 corr
924 3345 947 3395 6.
964 3340 1160 3408 εὑρήσκουσιτ,

158 3413 208 3466 sed
227 3429 296 3467 corr.
382 3421 405 3467 9.
428 3412 548 3480 ἔφασκεν
568 3412 624 3481 Vp.
705 3431 740 3464 τα
732 3409 804 3480 (pr
806 3413 827 3483 )]
846 3410 877 3465 τό
896 3411 929 3465 V.
1024 3417 1066 3466 10.
1086 3428 1161 3467 κατα·
1203 3418 1206 3465 i

159 3482 369 3552 σκευακίναιτ,
390 3487 418 3538 οῖ
436 3484 469 3551 V,
490 3484 539 3538 sed
558 3500 626 3537 corr
641 3501 677 3537 m
692 3499 745 3536 rec.
819 3488 860 3536 11.
880 3479 943 3553 μέν]
964 3499 1019 3538 om.
1034 3500 1060 3537 v.
1127 3483 1206 3534 12.

160 3554 260 3622 ἔξοθεν
278 3574 305 3624 v
329 3572 397 3609 corr.
414 3561 490 3609 m.9.
578 3560 619 3608 14.
640 3553 783 3621 ἐπιτήδιον
802 3554 835 3608 V
919 3557 960 3607 15.
980 3554 1160 3624 ἀναμῆναιῖ,
