2424 3944
294 167 503 220 oenoonnu
521 166 701 218 necarem
720 167 887 219 eunome.
1036 162 1100 226 155

87 311 180 376 aliud
203 311 323 395 minus,
346 311 403 375 ubi
426 310 567 375 minores
591 309 684 394 quasi
707 310 818 396 anguli
842 309 973 393 quidam
996 308 1102 373 radio·

88 441 164 483 rum
187 420 228 482 ad
245 419 381 484 'oculum
404 417 557 482 existunt.

447 667 750 753 Definitionea

160 812 188 874 1.
223 807 463 894 Supponamus,
486 808 593 873 radios
617 831 657 872 ex
680 808 773 872 oculo
798 807 974 871 secundum
997 810 1102 870 rectas

88 917 193 981 lineas
217 916 294 980 ferri
316 915 403 980 inter
426 938 460 980 se
484 915 650 980 distantea

158 1043 186 1104 2.
221 1045 253 1105 et
280 1041 419 1126 figuram
446 1040 544 1104 radiis
579 1040 845 1123 comprehensam
873 1059 990 1103 conum
1023 1059 1103 1123 esse,

90 1147 148 1232 qui
175 1147 332 1212 uerticem
360 1148 400 1211 ad
428 1147 569 1231 oculum,
602 1146 708 1211 basim
737 1151 845 1211 autem
874 1146 914 1209 ad
946 1145 1102 1209 terminos

90 1254 239 1318 uisorum
260 1252 388 1317 habeat.

159 1378 187 1440 3.
221 1381 253 1440 et
277 1399 314 1440 ea
338 1377 438 1461 cerni,
466 1377 506 1440 ad
530 1399 611 1460 quae
634 1376 717 1440 radii
740 1375 903 1460 adcidant,
925 1396 992 1439 non
1016 1375 1103 1440 cerni

89 1488 213 1568 autem,
237 1484 277 1547 ad
300 1504 381 1566 quae
404 1483 486 1547 radii
508 1504 576 1546 non
600 1482 758 1547 adcidant.

157 1608 187 1671 4.
220 1612 253 1672 et
276 1628 322 1690 ea,
347 1628 428 1690 quae
448 1630 467 1671 a
486 1605 607 1671 maiore
632 1606 751 1692 angulo
776 1610 957 1690 cernantur,
980 1605 1104 1669 maiora

89 1715 253 1798 adparere,
268 1714 395 1777 minora
410 1718 527 1797 autem,
545 1735 626 1796 quae
642 1735 661 1776 a
674 1713 809 1798 minore,
824 1712 971 1796 aequalia
985 1715 1104 1797 autern,

90 1844 173 1906 quae
197 1822 237 1885 ab
262 1821 451 1905 aequalibus
474 1820 603 1905 angulis
627 1823 809 1884 cernantur.

157 1946 187 2010 5.
216 1950 248 2010 et
267 1969 313 2031 ea,
337 1967 418 2030 quae
437 1944 682 2016 sublimioribus
702 1944 801 2008 radiis
826 1949 1008 2030 cernantur,
1031 1945 1105 2009 sub·

88 2052 220 2116 limiora
254 2053 420 2137 adparere,
457 2074 537 2136 quae
570 2050 678 2115 autem
704 2048 730 2140 {a
758 2051 1017 2136 demissioribuS,
1053 2052 1105 2117 de·

90 2158 250 2224 missiora.

158 2285 186 2348 6.
220 2289 252 2348 et
271 2283 421 2348 similiter
440 2305 486 2368 ea,
509 2305 591 2368 quae
615 2306 634 2348 a
657 2283 893 2348 dexterioribus
916 2282 1015 2347 radiis
1039 2305 1103 2347 cer-

88 2395 219 2476 nantur,
243 2390 425 2455 dexteriora
448 2390 611 2474 adparere,
639 2410 720 2473 quae
745 2395 854 2455 autem
877 2413 896 2454 a
916 2389 1104 2454 sinistriori·

88 2499 166 2580 bue,
190 2496 382 2560 sinistriore.

159 2624 186 2686 7.
218 2643 256 2686 ea
279 2625 401 2705 autem,
424 2642 505 2705 quae
529 2641 547 2683 a
569 2620 717 2705 pluribus
737 2617 897 2705 angulis¹)
921 2624 1103 2705 cernantur,

89 2727 211 2794 clarius
236 2728 399 2812 adparere.

166 3031 191 3097 1)
210 3025 425 3094 Exspectaueris
445 3025 546 3095 ὄψεων.

89 3329 149 3380 seq.
169 3310 200 3364 αὶ
217 3306 327 3380 dipsis&
356 3307 546 3378 προσπίπτωσι
568 3327 594 3398 p.
686 3306 894 3377 προσπίπτωσιν
908 3307 995 3398 (alt.)]
1019 3326 1104 3376 προσ-

90 3381 170 3437 πίσιν
190 3400 216 3450 v,
236 3398 304 3435 corr.
323 3399 359 3469 m,
380 3387 404 3434 2.
483 3386 523 3434 14.
544 3382 574 3433 δε
590 3380 662 3468 (pf-i]
682 3378 709 3433 δ’
726 3399 753 3449 p.
828 3385 869 3435 19.
889 3380 1051 3448 &adterendo
1070 3381 1103 3435 V.

89 3454 410 3580 regovdercveooreeor
434 3452 467 3506 V.
557 3457 599 3505 22.
624 3453 672 3523 de]
696 3449 723 3507 d'
744 3470 776 3521 p;
804 3451 853 3506 aut
874 3450 912 3505 ἔτι
934 3449 970 3504 τὰ
988 3450 1043 3506 ὑπό
1067 3470 1102 3506 m.
