2424 3944
230 154 269 205 m
288 153 499 204 OPTICORUM
517 154 773 206 εευεοειοαοιι
791 156 959 209 νΗιιοιιιε.
1036 152 1108 220 275-

86 293 127 362 δὲ
154 295 175 379 ἡ
202 296 268 360 ὑτιὸ
291 299 396 360 ΒΑΓ.
447 294 592 361 ἐλάττων
615 298 678 379 ἄρα
701 297 722 380 ἡ
744 296 809 362 ὑπὸ
833 302 935 362 ΒΑΓ
956 308 1015 383 τῆς
1037 300 1109 365 ὑπο

88 396 197 468 ΒΑΕ.

159 527 211 592 65.
241 524 421 591 Ἀνάπαλιν
444 528 509 612 ἄρα
530 550 561 610 p.
582 528 654 611 206,
678 527 736 611 26]
761 527 872 611 ἐπειδὴ
896 522 1000 593 εἶπεν·
1023 528 1104 594 ἀνοί-

88 639 191 700 τιαλιν
214 636 279 719 ἄρα
301 633 321 716 ἡ
347 638 413 697 ΖΑ
434 634 518 718 πρὸς
540 634 601 716 τὴν
624 638 690 697 ΑΒ
718 634 882 700 ἐλάσσονα
904 638 1005 717 λόγον
1028 639 1103 720 ἔχει,

88 737 132 806 οὗ
160 743 225 825 ἔχει
252 740 272 823 ἡ
296 742 357 803 ΓΑ
383 740 467 825 πρὸς
489 744 569 823 ΑΒ,
603 739 712 806 ἰστέον
738 749 852 825 τοῦτο,
885 742 935 806 ὅτι
963 740 1016 807 ἐπὶ
1042 738 1103 825 μὲν
1140 754 1159 802 σ

87 857 149 932 τῆς
171 849 369 928 ταυτότητος
395 856 463 910 τῶν
485 849 594 928 λόγων
616 847 724 912 πάντα
747 848 883 926 σώζεται
909 847 965 913 καὶ
992 849 1028 912 τὸ
1052 848 1104 912 ἑν-

89 951 193 1031 αλλοὶξ
221 951 276 1017 καὶ
304 954 341 1017 τὸ
370 950 531 1017 συνθέντι
558 950 613 1023 καὶ
640 955 677 1018 τὸ
706 955 850 1020 διελόντι
877 954 933 1019 καὶ
960 957 997 1020 τὸ
1025 954 1104 1019 σἰνα-

90 1058 270 1147 στρέψαντι
297 1057 412 1124 καὶτὸ
436 1059 615 1143 ἀνάπαλιν,
643 1052 715 1126 οἷον
744 1062 788 1137 ὡς
810 1063 886 1126 τόδε
913 1062 997 1148 πρὸς
1019 1063 1105 1145 τόδε,

91 1167 198 1242 οὕτως
225 1166 300 1231 τόδε
331 1167 415 1252 πρὸς
442 1167 530 1232 τόδε·
564 1165 702 1245 ἐναλλὰξ
730 1169 775 1245 ὡς
802 1170 877 1233 τόδε
909 1171 993 1255 πρὸς
1018 1170 1105 1252 τόδε,

91 1272 198 1348 οὕτως
216 1274 292 1337 τόδε
309 1274 392 1358 πρὸς
406 1274 494 1338 τόδε·
513 1273 615 1339 πάλιν
633 1275 678 1350 ὡς
696 1275 771 1340 τόδε
789 1276 873 1360 πρὸς
891 1276 976 1358 τόδε,
1000 1275 1106 1350 οὕτως
1125 1288 1162 1336 16

90 1380 168 1445 τόδε
194 1380 277 1464 πρὸς
299 1380 387 1443 τόδε·
422 1379 582 1446 συνθέντι
607 1380 651 1457 ὡς
673 1382 749 1446 τόδε
775 1383 859 1466 πρὸς
881 1383 972 1464 τόδε,
1000 1379 1106 1457 οὕτως

90 1487 168 1550 τόδε
195 1487 277 1571 πρὸς
300 1487 387 1551 τόδε·
421 1486 542 1570 ὁμοίως
568 1485 624 1551 καὶ
652 1484 704 1550 ἐπὶ
732 1495 799 1551 τῶν
827 1488 945 1552 ἄλλων.
992 1483 1046 1551 ἐπὶ
1069 1483 1105 1550 δέ

91 1601 151 1676 τῆς
169 1589 357 1677 ἑτερότητος
379 1602 446 1658 τῶν
465 1595 574 1674 λόγων
592 1593 700 1657 πάντα
718 1589 778 1676 μὲν
797 1594 838 1657 τὰ
857 1595 941 1658 ἄλλα
960 1594 1106 1675 σώζεται,

91 1701 129 1764 τὸ
154 1695 191 1763 δὲ
215 1697 456 1783 ἀναστρέψαντι
479 1695 534 1762 καὶ
557 1701 594 1763 τὸ
613 1698 778 1763 ἀνάπαλιν
799 1698 920 1782 οὐκέτι,
944 1690 1017 1763 οἷον
1036 1696 1105 1763 ἐπεὶ

90 1807 175 1891 τόδεΙ
199 1806 283 1891 πρὸς
309 1806 385 1869 τόδε
417 1808 549 1889 μείζονα
577 1808 677 1887 λόγον
709 1809 774 1889 ἔχει
805 1807 887 1890 ἥπερ
915 1807 991 1870 τόδε
1021 1806 1105 1890 πρὸς
1125 1817 1162 1867 R

92 1913 189 1996 1665„
203 1909 341 1989 ἐναλλὰξ
364 1912 441 1976 τόδε
466 1913 531 1996 ἄρα
551 1913 635 1996 πρὸς
657 1913 733 1977 τόδε
760 1915 892 1995 μείζονα
916 1913 1016 1994 λόγον
1040 1914 1105 1995 ἔχει

91 2021 174 2105 ἤπερ
202 2020 278 2084 τόδε
308 2019 392 2104 πρὸς
421 2018 510 2082 τόδε·
543 2018 664 2102 ὁμοίως
693 2016 749 2083 καὶ
777 2016 829 2084 έτιὶ
856 2026 916 2082 τοῦ
945 2017 1106 2084 συνθέντι

91 2124 147 2190 καὶ
172 2125 324 2190 διελόντι.
369 2120 422 2188 ε’τιὶ
446 2120 482 2188 δὲ
505 2133 564 2188 τοῦ
588 2122 842 2210 ἀντιστρέψαντι
865 2123 920 2189 καὶ
943 2133 1003 2191 τοῦ
1027 2125 1106 2191 ἀνά-

91 2236 194 2296 παλιν
221 2230 345 2314 οὐκέτι,
374 2229 457 2295 ἀλλὰ
485 2232 522 2295 τὸ
546 2230 699 2296 ἐναντίον
725 2236 852 2315 γίνεται
880 2233 997 2310 οὕτως·
1030 2235 1106 2299 τόδε

91 2339 176 2424 πρὸς
190 2338 266 2402 τόδε
283 2340 415 2422 μείζονα
434 2340 534 2420 λόγον
553 2341 618 2423 ἔχει
636 2339 718 2424 ἤπερ
732 2340 809 2403 τόδε
821 2341 905 2425 πρὸς
918 2340 1007 2405 τόδε·
1026 2339 1106 2404 νἰνοί-
1124 2351 1163 2400 20

91 2449 193 2510 πολιν
207 2445 283 2509 τόδε
302 2446 366 2530 ἄρα
379 2445 463 2529 πρὸς
476 2446 552 2509 τόδε
567 2445 724 2511 έλοὲττονα
738 2448 839 2527 λόγον
854 2449 919 2528 ἔχει
933 2447 1015 2530 ἥπερ
1029 2447 1106 2511 τόδε

91 2553 176 2636 πρὸς
195 2551 281 2634 τόδε,
305 2551 350 2627 ὡς
368 2545 433 2615 ὧδε
451 2544 555 2615 εἶπεν·
584 2561 686 2616 ταῦτα
710 2547 746 2614 δὲ
765 2551 782 2615 ὁ
800 2549 915 2636 Ἥρων
938 2552 1105 2638 ὃιαρθροῑ.

161 2675 214 2739 66.
251 2676 299 2739 Τὸ
322 2675 386 2760 γὰρ
411 2675 491 2739 αὐτὸ
515 2675 535 2759 ἡ
556 2680 621 2739 ΖΑ
643 2676 726 2760 πρὸς
748 2675 785 2739 τὸ
810 2678 950 2739 ἔλασσον
973 2678 1105 2758 μείζονα

92 2784 195 2864 λόγον
219 2785 284 2866 ἔχει
306 2783 389 2868 ἥπερ
412 2784 495 2868 πρὸς
518 2783 555 2847 τὸ
578 2785 688 2866 μεῖζον
711 2783 748 2846 τὸ
772 2787 847 2847 ΑΒ.

166 2943 208 2992 65.
227 2938 496 3008 VRWatMAqu).
569 2945 610 2993 66.
630 2938 873 3009 VR(Funat.¹).

166 3087 189 3136 6.
208 3078 323 3136 πάντων
341 3081 373 3135 R.
431 3086 454 3134 7.
473 3081 504 3136 τό
515 3082 588 3172 φορ]
607 3083 675 3135 mut,
685 3081 716 3134 in
729 3085 767 3153 τῷ
780 3081 813 3150 R,
832 3085 869 3153 τῷ
887 3080 920 3134 V.
975 3080 1006 3135 τό
1016 3081 1104 3152 (sec.)]

91 3157 131 3226 τῷ
149 3153 182 3221 Β,
203 3155 232 3206 et
249 3152 282 3221 V,
303 3151 352 3205 sed
371 3167 439 3207 corr.
496 3171 527 3207 το
538 3153 634 3224 (tert.)]
653 3157 691 3224 τῷ
708 3153 734 3208 V
753 3155 782 3206 et
800 3169 869 3206 corr.
889 3168 923 3205 ex
940 3151 972 3205 τό
991 3153 1023 3206 R.
1079 3160 1103 3206 9.

92 3222 211 3288 ἐναλλάξ
235 3255 269 3264 -
295 3229 336 3278 11,
359 3221 424 3276 τόδε
442 3225 616 3349 (sec.)]V0m.
640 3223 672 3277 R.
769 3229 810 3278 13.
833 3224 898 3303 τῆς]
921 3231 969 3292 τῆς
992 3232 1047 3278 τῶν
1070 3222 1104 3277 V.

131 3300 172 3350 14.
191 3295 222 3350 τό
238 3294 312 3364 (pr.)]
332 3311 399 3347 corr.
419 3309 454 3348 ex
471 3299 508 3366 τῷ
637 3291 741 3365 οὐκέτι]
761 3291 815 3348 -έτι
832 3311 863 3346 1n
880 3310 934 3348 ras.
954 3294 987 3347 V.
1061 3300 1104 3349 22.

91 3368 131 3429 ὡς
150 3399 182 3407 -
202 3366 352 3436 θιαρθροῑ]
373 3382 425 3419 om.
444 3366 477 3419 A.
556 3366 603 3436 ὡς]
623 3365 656 3434 V,
681 3382 734 3420 om.
753 3365 837 3418 RMu
856 3367 884 3420 et
902 3364 955 3419 lac.
975 3365 1023 3420 rel.
1039 3365 1103 3419 Vah.

123 3434 229 3510 Ἥρων]
248 3437 352 3504 wat„
372 3453 424 3491 om.
439 3437 493 3490 Mu
512 3439 541 3490 et
558 3436 611 3491 lac.
630 3435 678 3491 rel.
698 3437 732 3495 R.
809 3443 851 3492 23.
877 3435 966 3505 Supra
985 3454 1036 3494 scr.
1055 3435 1105 3490 διὰ

90 3509 124 3564 τὸ
143 3513 203 3580 (τοῦ
217 3527 253 3563 m.
268 3511 333 3578 rec.)
352 3507 376 3572 ζ’
395 3515 445 3563 τοῦ
465 3507 493 3566 ς’
509 3505 663 3564 Εὐκλείδου
682 3509 716 3565 V.

891 3597 945 3650 18*
