2424 3944
405 183 576 236 EUCLIDIS
595 183 733 236 OPTICA,
1053 182 1075 246 5

59 325 97 388 in
130 324 287 391 distantia
318 326 467 392 feruntur
497 327 676 393 incidentes
708 326 814 412 uisus,
844 348 911 390 non
945 326 1075 412 quidem

60 431 211 498 incidunt
234 434 386 500 continue
410 436 451 499 ad
473 437 527 500 od.
565 456 664 518 quare
682 434 762 498 fient
785 438 818 498 et
835 434 871 497 in
889 435 937 498 ud
958 432 1075 517 spatio,

61 539 103 603 ad
127 561 209 622 quae
231 540 322 605 uisus
342 563 409 605 non
426 540 578 606 incident.
614 563 682 605 non
700 561 776 625 ergo
795 539 959 604 uidebitur
978 538 1075 604 simul

60 650 171 710 totum
194 647 248 711 ad.
294 648 424 712 uidetur
451 653 561 713 autem
587 647 691 712 uideri
720 646 817 712 simul
840 647 965 712 nisibus
988 646 1075 712 uelo-

61 753 143 818 oiter
166 752 404 835 transportatis.
1111 770 1127 819 5

131 947 328 1031 Aequalium
355 947 616 1034 magnitudinum
648 947 684 1011 in
715 946 870 1012 distantia
898 946 1075 1012 iacentium

59 1054 197 1140 propius
218 1054 359 1119 iacentia
380 1055 598 1139 perspicacius
621 1054 780 1119 uidentur.
1011 1040 1017 1047 ”

130 1166 200 1226 esto
219 1161 332 1226 oculus
351 1161 481 1245 quidem
501 1162 528 1247 b,
550 1161 622 1226 uisa
639 1183 716 1226 uero
737 1163 786 1243 pd
807 1164 839 1223 et
862 1159 906 1223 lu.
944 1164 1074 1244 oportet

60 1272 172 1333 autem
203 1267 386 1353 intelligere
419 1291 457 1333 ea
488 1268 635 1352 aequalia
667 1271 700 1331 et
727 1267 890 1350 parallela.
939 1267 1073 1350 propius

60 1397 141 1440 uero
170 1373 214 1439 sit
239 1375 293 1456 pd.
344 1378 376 1438 et
402 1375 548 1439 inoidant
574 1375 665 1439 uisus
695 1374 828 1459 ogbu,
851 1374 975 1458 1>th
1007 1395 1075 1437 non
1093 1394 1127 1443 10

60 1481 150 1547 enim
172 1480 330 1566 dicemus,
359 1482 445 1564 quod
473 1483 513 1546 ab
538 1481 630 1545 oculo
654 1482 695 1544 ad
716 1480 752 1544 tl
779 1481 960 1545 accidentes
983 1480 1074 1545 uisus

58 1610 121 1674 per
145 1589 220 1671 gd
244 1593 366 1672 puncta
388 1587 531 1652 ueniant.
577 1588 700 1673 trigoni
724 1587 810 1650 enim
833 1586 961 1669 aalays
985 1591 1075 1652 reeta

59 1695 97 1758 kl
115 1693 221 1758 maior
239 1694 352 1780 utique
371 1695 434 1759 erit
448 1698 536 1758 recta
551 1695 611 1776 ρᾶς
630 1694 763 1777 ponitur
778 1693 907 1776 quidem
922 1692 1074 1776 aequalis.

58 1800 166 1887 igitur
185 1803 234 1883 pd
255 1801 316 1865 sub
339 1800 487 1885 pluribus
509 1799 636 1864 uisibus
659 1799 789 1864 uidetur
812 1822 909 1883 quam
931 1799 980 1885 1033
1005 1821 1075 1883 per-

61 1907 222 1992 spieacius
240 1907 343 1993 igitur
357 1910 406 1990 pd
423 1930 521 1992 quam
539 1907 587 1991 1013
606 1908 666 1971 sub
681 1906 829 1991 pluribus
844 1906 930 1971 enim
945 1905 1074 1992 angulis
1094 1924 1127 1972 15

59 2015 134 2079 uisa
156 2013 375 2098 perspieacius
398 2014 557 2078 uidentur.

128 2207 389 2292 Unumquodque
416 2209 562 2274 uisorum
584 2210 684 2274 habet
705 2209 944 2295 longitudinem
967 2209 1074 2295 spatii,

59 2337 126 2400 quo
150 2315 238 2380 faoto
259 2338 327 2380 non
349 2315 415 2380 iam
438 2316 575 2381 uidetur.

130 2427 200 2487 esto
219 2422 306 2487 enim
325 2422 438 2488 oculus
457 2425 484 2508 b,
506 2447 558 2488 res
574 2428 683 2488 autem
696 2423 768 2486 uisa
778 2425 827 2505 pd
849 2423 923 2503 [sub
937 2421 1072 2485 minimo

60 2528 184 2615 anguio
211 2529 298 2593 uisui
326 2530 567 2614 determinato}
613 2530 699 2614 dice,
731 2529 817 2613 quod
837 2531 886 2611 pd
906 2529 941 2592 in
964 2528 1072 2613 aliquo
1091 2547 1127 2596 ao

135 2763 159 2810 3.
178 2757 316 2829 incident]
335 2758 375 2825 L,
393 2756 523 2810 incidunt
540 2758 577 2812 D.
651 2763 675 2811 5.
694 2755 906 2828 transportatis]
925 2757 965 2824 L,
982 2759 1073 2810 trans-

58 2827 163 2898 positis
181 2829 219 2883 D.
293 2834 316 2883 8.
336 2830 368 2882 kt
403 2830 438 2896 L,
456 2830 489 2883 ti
507 2829 547 2896 D,
564 2835 590 2883 et
607 2830 646 2884 sie
661 2846 711 2898 per
729 2835 813 2883 totam
826 2845 907 2898 prop.
971 2828 1073 2883 16111-

58 2899 171 2971 cidant]
186 2901 221 2968 L,
235 2898 364 2953 incidunt
403 2899 553 2967 ,incident
566 2899 609 2955 M.
666 2905 707 2953 11.
723 2898 860 2972 dicemus]
875 2900 911 2967 L,
925 2915 1020 2952 omnes
1034 2901 1071 2953 D.

96 2976 139 3027 19,
160 2971 212 3024 sub
232 3003 265 3010 -
285 2977 327 3025 20.
347 2971 546 3042 determinato]
565 2972 604 3039 D,
622 2988 672 3026 om.
692 2971 727 3025 L.

58 3184 204 3253 ὁρώμενον
223 3203 258 3238 m.
279 3190 294 3237 1
313 3183 347 3253 V,
367 3185 509 3254 ὁρώμενον
528 3185 575 3238 Bv
593 3187 622 3238 et
640 3186 713 3253 Vat,
734 3185 783 3238 sed
802 3201 869 3237 oorr.
889 3190 966 3238 1112.
1029 3192 1070 3242 16.

58 3253 178 3324 εἴπομεν
195 3255 336 3310 VVat.¹v.
428 3262 469 3311 19.
493 3257 562 3310 Post
579 3255 633 3327 γάρ
652 3257 716 3311 add.
737 3256 774 3310 dv
791 3274 827 3308 m.
848 3260 863 3307 2
882 3256 947 3310 Vat.
1029 3264 1071 3314 20.

56 3325 220 3398 ὑπόκειται]
246 3343 313 3382 oorr.
334 3343 368 3380 ex
390 3324 551 3382 ὑποκείσθω
575 3347 610 3382 m.
632 3334 647 3381 2
666 3328 704 3397 V,
731 3324 892 3381 ὑποκείσθω
910 3347 929 3381 v
952 3330 983 3398 (ω
1003 3346 1070 3386 corr.

58 3415 93 3453 ex
112 3401 153 3468 αι)
173 3400 202 3453 et
219 3397 294 3468 Vat,
314 3414 382 3452 oorr.
401 3417 437 3453 m.
458 3405 482 3452 2.
564 3405 606 3452 21.
627 3396 671 3470 δέ]
690 3416 743 3452 om.
763 3399 859 3453 Vatv.
938 3406 981 3455 26.
1001 3402 1072 3455 ἀπο-

58 3469 185 3538 στήματα
204 3487 230 3524 v.
317 3474 358 3523 27.
380 3469 544 3540 γενόμενον]
564 3486 632 3524 corr.
653 3486 687 3523 ox
705 3467 858 3540 γενομένου
877 3489 912 3524 m.
932 3477 947 3524 2
967 3472 1071 3542 VVat.‚

56 3538 213 3611 γενομένου
231 3558 257 3596 v.
331 3546 373 3595 28.
394 3542 427 3613 Β]
447 3558 462 3596 6
481 3557 549 3595 corr.
568 3541 633 3595 Vat.
