2424 3944
121 172 164 238 92
461 169 631 223 EUCLIDIS
650 168 788 220 OPTIOA.

121 322 200 401 ΕΒ,
219 321 299 400 ΑΔ,
317 320 395 398 ΒΔ,
421 312 477 379 καὶ
499 312 756 399 περιγεγράφθω
779 310 855 398 περὶ
877 312 915 376 τὸ
937 314 1040 375 ΑΕΒ
1062 315 1133 396 τρί-

121 448 232 508 γωνον
250 432 358 508 τμῆμα
376 423 413 486 τὸ
427 425 539 504 ΑΕΒ,
557 417 612 484 καὶ
625 423 749 484 κείσθω
764 429 804 504 τῇ
817 417 883 484 ὑπὸ
897 428 966 484 τῶν
980 420 1051 502 ΓΔ,
1065 422 1132 482 ΑΒ

121 535 226 618 γωνία
250 536 303 612 ἴση
326 531 431 610 γωνία
453 527 473 610 ἡ
496 527 562 592 ὑπὸ
585 538 652 592 τῶν
675 530 746 609 ΓΑ,
764 532 797 590 Α
803 530 845 609 Ζ,
867 523 924 590 καὶ
947 525 1133 609 ἐπεζεύχθω

122 637 142 720 ἡ
166 642 238 702 ΒΖ.
284 635 321 701 έν
347 637 457 722 κύκλῳ
485 637 549 719 ὄρα
577 632 645 699 ἐστὶ
672 635 713 698 τὰ
740 638 784 716 B,
808 639 854 718 A,
879 638 922 717 Z,
945 638 979 698 A
1006 645 1134 718 σημεῖα.

87 742 192 809 οέπεὶ
219 739 282 808 οὖν
308 746 426 827 μείζων
453 745 558 825 γωνία
584 741 605 823 ἡ
628 741 693 806 ὑπὸ
716 745 817 805 ΑΕΒ
845 749 903 824 τῆς
929 739 995 805 ὑπὸ
1020 745 1135 823 AZB,

122 849 142 932 ἡ
166 846 203 913 δὲ
224 849 289 914 ὑπὸ
308 856 341 914 Α
347 854 409 914 ΖΒ
432 859 471 934 τῇ
491 848 556 913 ὑπὸ
575 859 643 913 τῶν
661 854 738 931 ΑΛ,
755 852 822 913 ΔΒ
848 854 901 931 ἴση
925 847 1026 931 ἐστίν,
1049 847 1134 913 έπει-

123 957 225 1040 δήπερ
254 956 291 1021 ἐν
318 965 364 1044 τῷ
392 955 481 1043 αὐτῷ
508 958 652 1040 τμήματί
677 954 781 1038 ἐστιν,
813 952 869 1019 καὶ
895 955 916 1037 ἡ
943 954 1009 1020 ὑπὸ
1033 960 1135 1020 ΑΕΒ

122 1063 186 1146 ὄρα
213 1072 270 1145 τῆς
296 1063 362 1127 ὑπὸ
385 1068 485 1127 ΑΛΒ
513 1065 631 1147 μείζων
658 1061 756 1127 ἐστίν.
803 1059 875 1126 ἀλλ’
899 1060 965 1127 ὑπὸ
993 1058 1055 1146 μὲν
1078 1071 1135 1147 τῆς

121 1167 187 1232 ὑπὸ
210 1174 310 1233 ΑΛΒ
337 1170 374 1234 τὸ
402 1174 468 1234 ΑΒ
496 1167 648 1252 βλέπεται
675 1177 736 1233 τοῦ
763 1167 908 1254 ὄμματος
936 1166 989 1234 ἐπὶ
1016 1177 1079 1234 τοῦ
1103 1175 1135 1234 Δ

71 1289 104 1337 10
122 1273 229 1359 ὄντος,
251 1275 316 1341 ὑπὸ
340 1273 377 1340 δὲ
395 1284 453 1359 τῆς
470 1275 535 1340 ὑπὸ
554 1280 655 1340 ΑΕΒ
678 1277 715 1340 τὸ
734 1275 816 1340 αὐτὸ
834 1276 872 1340 τὸ
891 1279 958 1340 ΑΒ
981 1274 1135 1359 βλέπεται

123 1391 182 1447 τοῦ
211 1382 356 1468 ὄμματος
383 1381 435 1447 ἐπὶ
463 1391 522 1446 τοῦ
545 1387 577 1446 Ε
602 1380 707 1458 ὄντος.
753 1384 871 1447 ἄνισον
897 1383 962 1466 ἅμα
990 1383 1027 1446 τὸ
1052 1381 1135 1468 ὁρώ-

123 1513 224 1574 μενον
256 1492 409 1574 φαίνεται
446 1486 499 1553 ἐπὶ
531 1498 588 1571 τῆς
619 1493 687 1553 ΕΔ
723 1488 857 1565 εὐθείας
892 1497 952 1553 τοῦ
990 1487 1135 1574 ὄμματος

122 1594 376 1680 μεθισταμένου.
404 1596 551 1679 φανερὸν
566 1593 612 1677 δέ,
626 1594 677 1659 ὄτι
691 1593 746 1659 καὶ
761 1593 814 1659 ἐπὶ
828 1604 885 1678 τῆς
899 1600 931 1659 Ε
936 1597 969 1660 Γ
976 1602 1134 1679 μεθιστα-

122 1700 224 1786 μένου
252 1711 311 1766 τοῦ
335 1703 478 1786 ὄμματος
501 1702 618 1765 ὄνισον
645 1702 682 1765 τὸ
706 1699 876 1785 ὁρώμενον
898 1703 1054 1784 φαίνεται
1081 1699 1135 1766 καὶ

72 1822 105 1870 15
124 1807 280 1892 μέγιστον
306 1804 367 1893 μὲν
388 1809 471 1872 κατὰ
498 1809 559 1891 τὴν
585 1807 668 1891 πρὸς
690 1816 735 1894 τῷ
759 1812 791 1871 Ε
815 1805 928 1890 θέσιν,
960 1811 1074 1890 μεῖζον
1100 1804 1136 1872 δέ

122 1912 173 1979 ίιεὶ
200 1915 282 1979 κατὰ
309 1915 370 1997 τὴν
397 1912 574 1995 ἐγγύτερον
601 1913 704 1978 αὐτοῦ
733 1911 785 1997 ἐφ’
812 1913 1039 1998 ὁποτερασοῦν
1069 1926 1135 1980 τῶν

122 2025 200 2103 ΕΔ,
223 2023 290 2084 ΕΓ
314 2019 470 2102 εὐθειῶν,
499 2026 573 2085 ίσον
596 2017 633 2084 δὲ
655 2021 737 2085 κατὰ
760 2021 800 2084 τὰ
824 2025 851 2085 Ζ
878 2018 933 2085 καὶ
955 2025 990 2084 Λ
1017 2018 1075 2085 καὶ
1097 2022 1136 2086 τί

123 2126 244 2210 ὁμοίως
271 2126 383 2202 αὐτοῖς
410 2129 641 2211 λαμβανόμενα
668 2128 784 2192 διὰτὸ
813 2127 849 2192 έν
873 2136 918 2215 τῷ
942 2127 1033 2215 αὐτῷ
1058 2130 1135 2212 τμή-

123 2256 200 2316 ματι
224 2227 308 2298 εἶναι
331 2234 389 2310 τὰς
411 2237 543 2315 γωνίας.

71 2441 105 2490 20
546 2427 701 2505 ’Ἁλλως

180 2552 294 2645 Ἔστω
311 2555 374 2640 γὰρ
393 2552 561 2640 ὁρώμενον
579 2555 616 2618 τὸ
636 2557 715 2637 ΚΛ,
738 2554 854 2618 εὐθεῖα
872 2551 909 2618 δὲ
927 2552 947 2635 ἡ
966 2555 1036 2618 ΒΓ
1056 2571 1138 2639 συμ·

123 2666 289 2725 πίπτουσα
311 2670 351 2745 τῇ
374 2664 440 2724 ΚΛ
462 2659 780 2746 προσεκβαλλομένῃ.
821 2661 973 2744 εἰλήφθω
997 2669 1058 2743 τῆς
1079 2664 1138 2727 ΓΔ

123 2767 259 2851 καὶτῆς
282 2771 349 2832 ΓΚ
372 2765 452 2851 μέση
481 2766 646 2848 ἀνάλογον
673 2766 693 2849 ἡ
718 2771 794 2851 ΓΖ,
825 2765 880 2832 καὶ
906 2766 1095 2851 ἐπεζεύχθω
1118 2766 1138 2850 ἡ

125 2878 193 2939 ΖΚ
212 2872 267 2939 καί
289 2873 310 2955 ἡ
334 2877 411 2956 ΖΛ,
434 2870 509 2957 περὶ
532 2868 569 2937 δὲ
591 2874 652 2956 τὴν
675 2876 740 2937 ΚΛ
763 2882 871 2957 τμῆμα
894 2872 1098 2959 γεγράφθω,
1121 2873 1139 2940 ὃ

195 3107 219 3155 2.
238 3102 330 3172 ΑΕΒ]
351 3117 418 3155 corr.
434 3117 468 3154 ex
486 3104 576 3154 ΑΕΗ
591 3101 655 3155 Vat.
728 3101 796 3171 τῶν]
816 3116 869 3154 om.
883 3119 919 3155 m.
995 3105 1056 3171 ΓΔ,
1073 3106 1127 3157 ΔΒ

125 3176 256 3226 ΓΔΒω.
330 3173 564 3243 3.τῶν]οω.ω.
639 3173 918 3243 ΓΑ,ΑΖ]ΓΑΖω.
992 3173 1127 3243 4.ἡΒΖ

124 3241 154 3295 in
172 3260 235 3312 ras,
256 3259 312 3311 seq.
332 3260 385 3297 rae.
406 3248 421 3296 2
441 3242 505 3311 litt,
525 3243 558 3311 V,
577 3245 642 3311 post
660 3260 714 3297 ras,
734 3248 750 3295 3
769 3241 824 3298 litt.
844 3261 869 3298 v.
951 3249 975 3298 5.
997 3247 1096 3313 μεῖζον
1112 3262 1139 3300 ν.

160 3319 183 3367 6.
203 3315 270 3385 τῶν]
291 3330 343 3369 om.
359 3333 394 3368 m.
450 3319 507 3381 ΑΔ,
522 3314 586 3384 ΔΒ]
605 3319 681 3367 ΑΔΒ
699 3314 823 3370 Vat.¹m.
879 3319 902 3368 7.
923 3313 1010 3387 ἐστιν]
1030 3315 1140 3385 eloam,

124 3383 180 3438 ἐστι
197 3385 293 3440 Vat.v.
373 3392 396 3440 8.
416 3387 509 3453 μεῖζον
528 3402 553 3439 τ.
627 3382 683 3438 ἐστί
701 3402 726 3439 v,
806 3391 829 3440 9.
848 3386 879 3440 τὸ
897 3387 959 3457 AB]
979 3403 1034 3441 om.
1056 3387 1138 3444 codd.

159 3453 289 3525 βλέπεται
306 3457 337 3511 τὸ
355 3462 405 3510 ΑΒ
423 3474 459 3509 m.
541 3464 590 3510 τοῦ
606 3455 687 3527 (αλλβ
710 3454 741 3510 τό
760 3474 795 3511 m.
888 3461 929 3510 10.
948 3457 1005 3512 ὑπὸ
1025 3454 1060 3513 δὲ
1078 3458 1139 3529 τῆς]

123 3524 167 3578 bis
186 3527 219 3580 V.
279 3527 309 3582 τὸ
329 3527 397 3582 αὐτὸ
416 3527 447 3581 τὸ
468 3532 518 3581 ΑΒ
537 3525 677 3599 βλέπεται]
697 3545 750 3582 om.
770 3545 794 3582 V.
850 3528 911 3599 AB]
930 3534 952 3581 A
971 3546 998 3598 v,
1018 3531 1051 3583 et
1064 3529 1140 3598 Vat,
