2424 3944
442 165 612 217 EUCLIDIS
631 164 768 216 OPTIOA.
1066 163 1108 227 21

98 313 132 372 et
161 309 204 373 ab
227 309 269 372 db
298 313 441 392 apparet.
492 331 570 394 ergo
591 329 634 391 ye
661 331 757 392 quam
784 311 826 373 ed
852 313 986 394 apparet
1014 313 1047 373 et
1070 309 1114 373 ed

96 437 197 500 quam
220 415 263 479 db
285 414 448 479 humilior.

165 573 206 637 ln
233 578 307 637 ante
335 573 526 639 habentium
553 574 792 660 longitudinem
819 598 901 660 quae
925 575 1055 658 quidem
1077 574 1112 638 in

96 679 234 763 dextniS,
262 681 298 743 in
321 680 467 765 sinistra,
496 704 577 766 quae
601 704 678 746 uero
701 682 737 745 in
760 681 915 766 sinistriS,
942 682 978 744 in
1000 682 1112 746 dextra

97 784 192 850 eduoi
215 786 376 851 uidentur.
1148 800 1163 848 5

166 892 233 957 sint
256 893 336 956 duae
361 899 551 978 conspectae
574 895 814 981 magnitudines
838 896 880 959 ab
904 900 937 959 et
959 897 1016 979 dy,
1039 916 1113 959 oou-

93 999 147 1063 lus
172 1020 201 1084 e,
234 1022 252 1062 a
280 1021 345 1084 quo
375 1000 522 1065 aoeidant
545 1000 628 1065 radii
651 1007 685 1066 et
710 1006 743 1065 et
770 1001 822 1086 ek,
845 1023 899 1086 eu,
922 1023 972 1087 ea,
995 1003 1041 1086 ei,
1063 1023 1111 1084 eq.

93 1106 183 1190 diuo,
210 1107 298 1190 quod
325 1127 363 1171 ea
391 1112 424 1171 et
451 1109 485 1172 ei
512 1113 545 1172 et
571 1129 611 1191 ey
638 1108 790 1173 uidentur
816 1108 852 1172 in
880 1108 1013 1173 sinistra
1039 1131 1112 1192 pro-

93 1217 230 1294 tractae,
253 1217 287 1276 et
307 1235 386 1276 uero
410 1218 443 1278 et
461 1214 502 1278 ek
524 1219 558 1279 et
575 1236 617 1280 eo
639 1214 674 1278 in
693 1215 814 1279 dextra.
852 1215 1006 1300 quoniam
1025 1215 1111 1279 enim

91 1339 132 1382 ez
156 1339 255 1401 quam
276 1319 308 1381 ei
331 1318 571 1405 dexteriorem,
593 1321 626 1384 ea'
648 1341 726 1384 uero
747 1342 845 1404 quam
868 1342 914 1405 eq,
937 1321 1012 1385 inde
1032 1343 1110 1406 ergo
1131 1335 1164 1382 10

92 1430 130 1489 et
156 1424 196 1487 ab
226 1425 259 1488 ei
290 1422 420 1487 uidetur
451 1425 486 1489 in
514 1426 647 1491 sinistra
675 1431 794 1511 tracta,
825 1429 858 1491 ea'
885 1450 964 1491 uero
997 1429 1037 1492 ab
1065 1449 1111 1492 ea.

96 1530 252 1594 similiter
276 1529 323 1614 ek,
341 1551 392 1615 ea,
411 1536 444 1595 et
464 1531 617 1596 uidentur
639 1533 675 1596 in
698 1533 811 1597 dextra
833 1537 966 1598 traotae.

166 1688 363 1772 Aequalium
399 1690 663 1776 magnitudinum
698 1696 732 1774 et
770 1692 829 1756 sub
867 1693 980 1756 eodem
1018 1694 1111 1757 oculo

92 1795 428 1881 iacentium'longius
452 1797 591 1862 iacentia
615 1798 792 1863 eleuatiora
816 1803 980 1883 apparent.

585 1906 651 1970 sint
688 1905 836 1990 aequales
869 1905 1109 1991 magnitudines
1129 1918 1162 1968 15

517 2013 573 2097 ab,
600 2015 660 2098 od,
687 2034 738 2098 ez,
770 2013 883 2077 oculus
911 2035 989 2076 uero
1022 2012 1066 2076 sit
1097 2015 1111 2077 π’

517 2119 675 2184 eleuatior
692 2121 801 2185 iaoens
820 2119 1111 2206 magnitudinibuS‚

517 2230 551 2290 et
570 2227 717 2291 aoeidant
736 2228 818 2291 radii
840 2229 880 2291 io
903 2231 935 2291 et
958 2228 995 2309 ig]
1017 2231 1050 2293 et
1067 2229 1109 2292 ie.

516 2334 597 2419 dieu,
617 2335 703 2418 quod
717 2335 759 2398 ab
774 2357 870 2418 quam
886 2336 935 2417 qd
952 2333 1108 2398 eleuatius
1141 2325 1147 2334 ’

516 2445 659 2525 apparet,
674 2443 723 2523 qd
738 2461 816 2503 uero
837 2462 934 2523 quam
952 2462 997 2506 ea
1033 2463 1110 2526 quo·
1128 2451 1163 2500 20

514 2547 603 2611 niam
627 2567 704 2631 ergo
727 2547 767 2610 ia
789 2568 886 2630 quam
908 2548 945 2629 iq
972 2551 1022 2610 est
1045 2547 1109 2611 ele-

90 2656 217 2736 uatior‚
245 2656 282 2737 iq
304 2677 382 2719 uero
407 2677 504 2739 quam.
527 2655 572 2738 ie,
600 2657 633 2717 et
657 2654 693 2717 in
716 2654 833 2736 quibus
857 2657 933 2717 sunt
956 2655 995 2717 ai
1017 2658 1051 2718 et
1072 2655 1109 2736 πρ

225 2178 350 2244 nn

134 2473 365 2563 BAn

97 2887 102 2896 Ι
128 2884 140 2954 ]
168 2813 279 2936 ubet]
302 2829 352 2867 eor.
371 2829 413 2883 eq.
505 2810 629 2883 uidetur]
654 2828 721 2866 corr.
740 2829 774 2866 ex
794 2809 928 2864 uidentur
945 2810 982 2864 D.
1066 2813 1107 2863 18.

89 2903 127 2938 aa
160 2901 179 2937 a
229 2925 234 2935 .

131 3030 155 3078 9.
177 3025 251 3093 EF]
272 3028 335 3079 ΕΝ
350 3043 368 3079 v
387 3024 463 3094 (inB
483 3047 500 3080 ν
519 3029 548 3080 et
567 3047 583 3095 y
604 3025 755 3079 difficulter
773 3025 993 3094 dignoscuntur).
1067 3027 1109 3076 10.

90 3097 294 3167 ΕΠΕΝν.
352 3102 392 3149 14.
413 3096 470 3150 aaz
488 3115 513 3150 v.
575 3097 910 3168 15.nr(a1t.)]nn‘v.
972 3100 1012 3147 16.
1034 3094 1108 3164 ΕΗ]

92 3171 200 3223 OHv.
286 3173 328 3220 17.
349 3168 423 3238 HE]
444 3171 505 3222 ΕΗ
520 3187 556 3222 m.
640 3173 681 3222 18.
702 3168 746 3239 αἱ]
767 3185 820 3220 om.
839 3167 895 3221 Vv.
978 3165 1108 3230 δόξουσιν

88 3239 254 3294 BVat.vm.
346 3244 388 3293 20.
409 3239 461 3310 ιγ’]
481 3240 521 3292 ιδ’
542 3239 622 3294 oodd.
707 3245 748 3292 22.
767 3239 836 3292 Post
854 3237 948 3306 πόρρω
968 3237 1031 3290 add.
1052 3233 1108 3290 πεί-

88 3329 165 3380 aava
184 3309 281 3379 Vatv,
306 3311 335 3362 et
354 3327 438 3378 supra
457 3324 508 3363 sor.
527 3310 558 3364 B.
649 3316 691 3363 23.
717 3309 771 3378 ὄμα
791 3328 815 3363 v.
907 3307 951 3381 δέ]
969 3308 1014 3362 bis
1033 3308 1107 3376 Vat,

89 3381 144 3435 sed
163 3397 231 3435 oon.
323 3386 365 3434 24.
389 3379 581 3448 προσπιπτέτω
600 3383 652 3435 Bv.
745 3386 787 3434 27.
813 3383 883 3452 HA]
908 3385 938 3434 H
954 3397 969 3434 e
988 3397 1056 3434 corr.
1075 3379 1106 3432 B.

128 3451 204 3506 ἐστιν
223 3470 248 3505 v.
336 3457 377 3505 28.
397 3445 430 3524 ᾧ]
450 3454 518 3505 mut.
538 3451 567 3504 in
587 3449 629 3516 οἷς
647 3453 680 3521 V,
703 3448 745 3514 οἶς
763 3452 920 3507 BVat.vm.
1007 3451 1106 3523 τούτῳ]

87 3524 202 3586 τούτοις
219 3523 357 3593 VVatm,
378 3523 496 3577 obscuro
515 3540 603 3593 comp.
623 3525 654 3593 B,
673 3525 779 3579 τούτων
797 3542 823 3578 v,
