2424 3944
162 165 229 228 222
373 168 584 219 OPTIOORUM
601 168 780 220 ωωοωιωιο
798 168 967 223 mom.

161 308 216 375 καὶ
241 311 356 394 ὅμοιον
379 320 424 398 τῷ
445 315 517 375 ΒΕ.
553 311 654 376 πάλιν
677 312 733 375 διὰ
755 320 815 376 τοῦ
836 316 864 376 0
887 319 927 396 τῇ
946 314 1023 376 ΚΝ
1044 317 1102 395 ἴση
1123 309 1176 376 καλ

160 418 369 502 παράλληλος
387 418 482 500 ἤχθω
501 416 521 499 ἡ
542 422 612 500 ΟΡ,
634 415 690 482 καῖ
709 417 893 501 ἐπεζεύχθω
912 416 933 500 ἡ
952 421 1032 483 PK·
1057 419 1095 484 τὸ
1113 422 1179 483 ΡΝ

160 525 224 609 άρα
274 527 480 609 παραλληλό-

124 735 213 803 οκαὶ
255 737 370 820 ὅμοιόν
411 736 480 801 ἐστι

159 853 203 930 τῷ
225 847 294 906 ΖΕ.
335 840 390 907 καῖ
409 841 479 907 ε’πε-

160 951 351 1032 ζεύχθωσαν
361 952 398 1014 αἴ
407 951 478 1013 ιλια-

158 1057 274 1138 μώνιοι
320 1057 357 1120 αἴ
399 1060 479 1138 ΡΝ,

158 1166 240 1227 ΠΝ.
277 1163 360 1227 ὥστε
382 1161 478 1245 καὶὴ

106 1287 138 1334 10
157 1268 222 1333 ὑπὸ
241 1272 352 1333 ΚΝΠ
375 1273 479 1351 γωνία

158 1384 214 1459 τῆς
258 1375 323 1440 ὑπὸ
367 1380 403 1440 Κ
408 1381 447 1441 Ν
453 1381 483 1440 Ρ

157 1486 279 1564 γωνίας
329 1482 478 1548 ἐλάσσων

157 1589 255 1654 ἐστίν.
306 1593 364 1654 καί
387 1590 477 1655 ἐστιν

156 1692 260 1779 ἡμὲν
281 1695 347 1760 ὑπὸ
371 1700 486 1761 ΚΝΠ
506 1702 560 1779 ἴση
582 1704 622 1779 τῇ
644 1695 710 1760 ὑπὸ
734 1701 849 1778 ΑΕΒ,
874 1697 895 1780 ἡ
918 1692 956 1760 δὲ
978 1695 1044 1761 ὑπὸ
1068 1699 1165 1761 ΚΝΡ

104 1818 136 1866 15
157 1807 210 1884 ἴση
240 1813 280 1888 τῇ
311 1802 377 1868 ὑπὸ
409 1808 523 1867 ΔΕΖ·
557 1802 704 1867 ἐλάσσων
736 1803 800 1888 άρα
832 1801 852 1885 ἡ
884 1802 950 1867 ὑπὸ
979 1808 1081 1868 ΑΕΒ
1111 1811 1161 1886 της

154 1909 219 1973 ὑπὸ
243 1914 352 1973 ΑΕΖ.
400 1910 482 1974 ὥστε
505 1907 560 1973 καὶ
583 1910 620 1973 τὸ
643 1913 712 1973 ΑΒ
738 1907 879 1993 μέγεθος
901 1917 961 1973 τοῦ
986 1916 1019 1974 Δ
1027 1915 1055 1974 Ζ
1077 1906 1160 1994 μεγέ-

154 2022 240 2092 θους
263 2019 404 2080 ἔλασσον
427 2015 621 2100 ὀφθήσεται.

222 2156 343 2241 ὁμοίως
365 2159 407 2241 δὴ
433 2157 596 2241 δείξομεν,
630 2159 681 2223 ὅτι
702 2156 723 2240 ἡ
748 2161 814 2221 BA
840 2166 899 2241 τῆς
924 2162 990 2221 ΖΔ
1020 2157 1160 2224 ἐλάσσων

155 2261 223 2327 ἐστὶ
246 2273 304 2347 τῆς
328 2268 393 2327 ΖΑ
422 2270 494 2346 ἴσης
517 2287 551 2328 τε
577 2262 632 2327 καὶ
661 2263 839 2339 ἐλάσσονος
866 2271 925 2345 τῆς
952 2262 988 2328 ἐκ
1010 2273 1072 2328 τοῦ
1094 2261 1158 2328 κίν-

101 2385 134 2433 20
153 2393 234 2455 τμον
252 2369 473 2455 ὑπαρχούσης.

220 2476 303 2542 άλλά
327 2479 367 2561 δὴ
392 2480 473 2542 ἔστω
497 2476 517 2560 ἡ
541 2484 575 2541 Δ
582 2482 609 2541 Ζ
637 2485 677 2562 τῇ
706 2476 741 2541 ἐκ
766 2485 826 2540 τοῦ
849 2474 990 2563 κέντρον
1014 2483 1085 2562 ἴση,
1110 2472 1158 2540 καῖ

152 2584 405 2649 κατεσκευάσθω
422 2585 529 2649 πάντα
542 2585 583 2647 τά
597 2583 681 2648 αὐτά
695 2594 765 2659 τοῖς
778 2586 950 2669 πρότερον,
970 2581 1026 2648 καὶ
1040 2587 1157 2649 κείσθω

152 2701 197 2779 τῷ
220 2700 280 2754 τοῦ
303 2691 427 2755 κύκλον
456 2689 637 2777 ἡμικυκλίῳ
667 2695 741 2754 ἴσον
769 2690 965 2773 ἡμικύκλιον
988 2690 1026 2754 τὸ
1053 2692 1156 2770 ΘΚΛ,

151 2795 205 2861 καὶ
230 2798 380 2880 εἰλήφθω
404 2796 508 2859 αὐτοῦ
531 2797 568 2860 τὸ
591 2794 731 2880 κέντρον
754 2796 791 2860 τὸ
810 2800 854 2860 Ν.
891 2792 947 2859 καὶ
970 2794 1041 2861 ἐπεὶ
1059 2797 1080 2881 ἡ
1096 2797 1155 2862 ΑΖ

100 2916 133 2964 25
155 2909 208 2985 ἴση
231 2903 402 2968 ὑπόκειται
424 2912 465 2987 τῇ
488 2902 524 2966 ἐκ
546 2911 606 2966 τοῦ
625 2900 764 2987 κέντρου
788 2911 848 2966 τοῦ
866 2902 1002 2986 κύκλον,
1027 2908 1081 2987 ἴση
1099 2904 1154 2986 ἄρα

152 3007 241 3074 ἐστὶν
264 3009 284 3092 ἡ
307 3014 374 3074 ΔΖ
400 3018 440 3094 τῇ
466 3013 542 3073 ΘΝ.
588 3006 643 3072 καὶ
665 3011 790 3073 κείσθω
818 3017 857 3093 τῇ
885 3004 946 3092 μὲν
973 3009 1040 3074 ὑπὸ
1065 3011 1153 3075 ΓΕΑ

151 3119 256 3203 γωνία
275 3122 328 3199 ἴση
347 3115 367 3199 η
385 3116 450 3180 ὑπὸ
473 3120 544 3180 ΘΝ
545 3119 586 3199 Κ,
609 3113 665 3179 καὶ
682 3117 777 3199 ἤχθω
801 3125 841 3201 τῇ
863 3120 935 3180 ΘΝ
953 3116 1152 3202 παράλληλος

221 3314 245 3362 5.
265 3309 338 3364 ἐστιν
356 3309 413 3363 vv.
470 3313 493 3362 7.
513 3308 661 3377 διαμάνιαι
678 3325 705 3376 p.
769 3313 810 3362 11.
830 3309 938 3380 KNP]
959 3325 1028 3363 corr.
1048 3325 1081 3362 ex
1098 3304 1153 3362 ΚΝ

149 3399 185 3434 m.
206 3388 220 3433 2
241 3398 266 3433 v.
358 3385 399 3434 13.
424 3377 509 3451 ἐστίν]
530 3377 586 3433 ἐστί
603 3397 630 3448 p.
723 3376 967 3447 Μηδὲ-15.
987 3381 1080 3452 ΑΕΒ]
1101 3393 1149 3445 mg.

148 3469 184 3505 m.
205 3457 220 3503 2
239 3469 257 3504 v
276 3448 434 3521 (κείμενον).
526 3456 566 3504 15.
591 3449 648 3521 ἴση]
668 3466 721 3504 om.
741 3468 766 3503 v.
859 3448 981 3506 ἐλάσσων
1000 3450 1079 3577 ἆραι
1090 3447 1148 3503 ὥστε

148 3519 197 3576 καί
215 3539 240 3576 v.
319 3523 411 3592 ΑΕΒ]
430 3526 510 3575 ΑΕΒ
530 3519 651 3575 ἐλάσσων
671 3517 727 3574 ἐστί
745 3538 771 3575 v.
850 3526 892 3575 17.
913 3520 1035 3578 ἐλάσσων
1079 3516 1149 3592 ‚sed
