2424 3944
591 693 705 791 Όροι.

208 854 236 915 1.
268 849 474 916 ’Υποκείσθω
507 852 565 928 τὰς
597 851 660 917 ἀπὸ
693 860 752 917 τοῦ
781 854 925 936 ὄμματος
956 851 1154 937 έξαγομένας

139 957 272 1035 εὐθείας
290 959 442 1044 γραμμὰς
460 957 624 1045 φέρεσθαι
638 959 801 1043 ὁιοίστημα
819 965 971 1043 μεγεθῶν
989 960 1153 1043 μεγάλων.

207 1066 237 1129 2.
264 1063 374 1130 καὶτὸ
394 1061 482 1150 [μέν]
501 1066 566 1131 ὑπὸ
590 1076 657 1131 τῶν
674 1068 784 1144 ὄψεων
796 1069 1030 1152 περιεχόμενον
1045 1076 1153 1151 σχῆμα

103 1183 120 1232 5
140 1165 225 1237 εἶναι
243 1182 353 1237 κῶνον
371 1173 433 1256 τὴν
450 1174 605 1258 κορυφὴν
622 1168 684 1256 μέν
702 1175 819 1255 έχοντα
838 1171 874 1237 έν
887 1182 933 1261 τῷ
953 1175 1073 1258 ὄμματι
1093 1176 1154 1258 τὴν

140 1275 177 1343 ὁὸ
199 1278 299 1362 βάσιν
320 1280 403 1365 πρὸς
426 1291 495 1356 τοῖς
517 1278 635 1364 πέρασι
661 1290 728 1343 τῶν
751 1278 938 1365 ὁρωμένων.

208 1387 236 1450 3.
273 1383 329 1449 καὶ
357 1385 502 1470 ὁρᾶσθαι
529 1381 589 1469 μὲν
616 1394 733 1468 ταῦτα,
765 1387 849 1471 πρὸς
876 1385 896 1450 ὁ
925 1385 967 1451 ίίν
994 1388 1032 1450 αί
1060 1388 1154 1464 ὄψεις

138 1494 384 1579 προσπίπτωσι,
415 1493 459 1577 μὴ
488 1491 633 1578 ὁρᾶσθαι
661 1490 712 1576 ὁέ,
743 1493 827 1578 πρὸς
858 1492 879 1557 ὁὶ
907 1491 949 1558 ὁὲν
978 1494 1022 1577 μὴ
1049 1509 1154 1579 προσ-

138 1602 304 1665 πίπτωσιν
327 1600 364 1664 αί
384 1601 485 1678 ὄψεις.

88 1718 122 1766 10
208 1707 238 1770 4.
270 1704 326 1770 καὶ
353 1706 394 1769 τὰ
422 1701 482 1790 μέν
506 1704 572 1770 ὑπὸ
594 1706 741 1788 μείζονος
764 1707 888 1786 γωνίας
911 1703 1062 1789 ὁρώμενα
1084 1706 1154 1788 μεί-

141 1816 217 1891 ζονα
240 1815 432 1896 φαίνεσθαι,
455 1813 495 1875 τὰ
519 1807 556 1875 ὁὸ
573 1810 638 1876 ὑπὸ
658 1809 831 1886 ἐλάττονος
850 1809 1018 1895 έλοίττονα,
1043 1817 1098 1876 ίσα
1117 1808 1155 1876 ὁὸ

139 1920 179 1983 τὰ
201 1919 267 1983 ὑπὸ
292 1924 373 1983 ίσων
396 1927 530 2000 γωνιῶν
553 1916 711 2002 ὁρώμενα.

207 2025 237 2090 5.
268 2022 324 2089 καὶ
346 2024 386 2088 τὰ
409 2020 470 2107 μὲν
487 2023 553 2089 ὑπὸ
571 2021 821 2108 μετεωροτέρων
840 2022 984 2088 ἀκτίνων
1002 2023 1156 2110 ὁρώμενα

140 2134 362 2218 μετεωρότερα
385 2133 581 2215 φαίνεσθαι,
609 2131 649 2194 τὰ
677 2127 714 2195 ὁὸ
741 2130 806 2196 ὑπὸ
833 2129 1075 2216 ταπεινοτέρων
1099 2155 1156 2197 τα-

86 2250 120 2298 15
139 2241 321 2324 πεινότερα.

207 2348 236 2412 6.
273 2343 329 2411 καὶ
360 2345 482 2428 ὁμοίως
513 2344 553 2408 τὰ
584 2340 645 2427 μὲν
676 2343 742 2409 ὑπὸ
776 2342 976 2430 ὁεξιωτέρων
1010 2344 1156 2411 ἀκτίνων

140 2453 291 2540 ὁρώμενα
315 2450 488 2538 δεξιώτερα
512 2453 704 2536 φαίνεσθαι,
728 2451 768 2514 τὰ
791 2448 828 2516 ὁὸ
850 2451 915 2515 ὑπὸ
939 2450 1155 2539 ἄριστερωτέ-

140 2583 210 2646 ρων
232 2557 480 2644 ἀριστερώτερα.

207 2667 236 2730 7.
264 2666 304 2729 τὰ
323 2661 360 2729 ὁὸ
378 2665 443 2730 ὑπὸ
462 2668 626 2730 πλειόνων
644 2676 777 2747 γωνιῶν
796 2663 946 2750 ὁρώμενα
967 2664 1156 2751 ἀκριβέστε-

87 2783 122 2832 20
141 2797 203 2860 ρον
221 2775 413 2856 φαίνεσθαι.
648 2859 656 2882 Ι

624 2885 666 2924 α.

209 2973 318 3068 Οὐὸὁν
341 2986 409 3041 τῶν
432 2974 609 3062 ὁρωμένων
632 2976 698 3060 ὁίμα
722 2975 802 3041 ὅλον
825 2975 950 3062 ὁρᾶται.

207 3086 289 3149 έστω
312 3084 375 3169 γὰρ
399 3083 568 3168 ὁρώμενόν
586 3105 618 3146 τι
636 3084 674 3147 τὸ
693 3087 769 3166 ΑΛ,
793 3084 880 3167 ὄμμα
898 3079 936 3147 ὁὸ
954 3085 1035 3148 ἔστω
1055 3085 1093 3149 τὸ
1114 3089 1155 3168 Β,

141 3188 198 3274 ἀφ’
221 3186 261 3255 οὗ
284 3188 577 3276 προσπιπτέτωσαν
601 3191 692 3268 ὄψεις
720 3191 757 3254 αί
778 3194 855 3274 ΒΑ,
878 3192 952 3274 ΒΓ,
976 3193 1055 3274 ΒΚ,
1079 3195 1154 3256 ΒΛ.

213 3344 236 3391 1.
257 3336 411 3392 Εὐαίείὸον
431 3338 540 3393 ὁπτιιιοὶ
562 3336 623 3406 ὁροι
641 3337 834 3407 VVat.va;
863 3335 1017 3392 Εὸιλείὸοο
1042 3336 1155 3392 ὀπτικοί.

140 3407 203 3477 ὁροι
220 3409 325 3464 τούτων
343 3409 422 3463 vam
440 3425 570 3464 numeros
590 3427 641 3464 om.
663 3411 742 3464 codd.
816 3416 840 3463 4.
860 3407 922 3479 μέν]
943 3409 1037 3477 ὁοΙοο;
1056 3409 1108 3478 μὸο
1127 3429 1155 3480 v,
