2424 3944
309 120 519 173 orrrcoauu
535 122 715 175 naeausro
734 123 901 177 rnnoms.
1045 121 1112 188 203

168 263 239 328 Iam
262 284 339 328 uero
363 270 396 328 A
402 269 430 328 Z
456 285 497 328 ne
526 264 569 328 sit
592 265 682 330 radio
707 266 850 350 aequalis
872 288 954 332 neue
983 268 1023 331 ad
1046 267 1113 352 pla-

95 394 179 436 num
194 370 306 436 circuli
319 371 603 457 perpendicularis,
618 372 674 436 sed
684 371 804 438 efficiat
819 379 947 448 [ΔΑΖ
957 405 998 427 =
1008 379 1069 438 ΖΑ
1075 376 1114 458 Γ,

96 482 201 543 ΒΑΖ
216 509 258 530 ---
276 482 383 542 ΖΑΒ.
430 477 515 564 dico,
539 478 585 543 sic
609 500 736 562 quoque
760 479 935 546 diametros
960 480 1110 564 aequales

97 586 262 670 adparere.
296 606 373 649 nam
392 585 546 669 quoniam
563 592 630 650 ΔΑ
641 617 682 639 =
692 589 765 670 ΑΓ,
785 590 818 652 et
835 595 868 652 A
875 593 901 651 Z
921 587 1110 669 eommunis,

96 691 313 776 aequalesque
341 692 477 778 angulos
507 693 795 778 comprehendunt,
823 694 885 758 erit
907 699 975 758 ΔΖ
990 724 1032 746 =
1048 696 1115 758 ΖΓ

97 803 132 863 et
161 804 301 874 LAZA
315 830 357 851 =
372 805 405 863 A
410 802 479 864 ΖΓ.
527 799 676 864 similiter
703 800 1012 885 demonstrabimus,
1038 821 1109 864 esse

96 906 199 970 etiam
222 911 357 982 LEZA
367 937 409 959 =
420 910 529 970 ΑΖΒ.
565 907 675 990 itaque
694 911 784 971 totus
808 911 872 982 LA
879 910 939 970 ΖΒ
951 936 993 958 =
1003 908 1110 970 ΕΖΓ.

96 1034 177 1099 ergo
202 1013 352 1077 diametri
376 1013 525 1097 aequales
549 1013 758 1097 adparebunt.
767 1009 791 1099 ¹)

578 1210 629 1274 36.

166 1314 224 1380 sin
256 1320 344 1380 recta
374 1317 415 1380 ab
444 1315 538 1380 oculo
571 1315 612 1379 ad
639 1319 787 1380 centrum
815 1313 927 1379 circuli
956 1314 1108 1379 adsidens

92 1445 200 1507 neque
233 1423 273 1486 ad
304 1423 437 1507 planum
470 1421 582 1487 circuli
613 1421 888 1506 perpendicularis
921 1423 971 1484 est
1002 1442 1107 1505 neque

47 1516 49 1519 ¹
587 1527 679 1591 radio
717 1525 860 1611 aequalis
897 1547 1001 1609 neque
1034 1550 1108 1591 eum

587 1634 687 1697 radiis
706 1633 842 1718 angulos
858 1633 1008 1716 aequales
1024 1655 1109 1697 eom-

587 1739 803 1826 prehendens,
839 1740 895 1804 sed
931 1739 1022 1803 radio
1054 1739 1109 1803 uel

587 1847 692 1911 maior
722 1848 775 1910 uel
807 1846 926 1929 minor,
959 1845 1108 1910 diametri

586 1952 773 2036 inaequales
797 1954 1008 2039 adparebunt.

650 2060 694 2123 sit
722 2060 809 2124 enim
832 2059 986 2144 circulus,
1016 2059 1106 2124 cuius
1157 2106 1159 2110 -

588 2170 735 2231 centrum
759 2167 802 2231 sit
825 2172 865 2250 A,
890 2170 922 2230 et
946 2167 986 2230 ab
1012 2165 1106 2231 oculo

587 2277 615 2336 Β
641 2273 680 2338 ad
704 2278 851 2338 centrum
876 2274 989 2338 circuli
1017 2277 1107 2338 recta

588 2381 724 2445 dueatur
753 2385 820 2445 BA
857 2385 889 2444 et
927 2380 970 2444 sit
1001 2401 1106 2465 neque

587 2486 628 2550 ad
664 2487 798 2571 planum
830 2485 1104 2571 perpendicularis

586 2614 691 2677 neque
714 2594 804 2657 radio
829 2592 941 2658 circuli
960 2591 1104 2675 aequalis

586 2721 691 2783 neque
721 2722 795 2765 cum
821 2698 920 2764 radiis
954 2698 1105 2781 aequales

88 2807 231 2892 angulos
260 2807 541 2892 comprehendens
588 2806 673 2891 dic0,
706 2807 880 2871 diametros
914 2804 1025 2869 circuli
1058 2805 1106 2868 in-

89 2913 245 2999 aequales
268 2913 429 2998 adparere.

164 3127 191 3195 1)
209 3123 331 3178 Litteras
346 3124 451 3193 figurae
467 3124 532 3178 dedi
549 3141 583 3178 ex
595 3124 652 3193 Vv,
672 3123 702 3176 in
715 3142 734 3193 p
748 3123 851 3177 nostris
866 3123 908 3177 ita
922 3125 1101 3195 respondent,

89 3199 124 3250 ut
141 3212 194 3265 pro
212 3200 244 3264 A,
259 3200 290 3264 B,
306 3200 337 3263 Γ,
351 3203 385 3264 Δ,
401 3201 433 3265 Ε,
451 3201 471 3250 Ζ
491 3195 547 3249 sint
566 3201 600 3264 K,
620 3200 649 3264 Z,
664 3202 695 3263 A,
710 3203 743 3263 Δ,
760 3199 791 3262 Γ,
807 3200 835 3249 Β.

90 3424 201 3545 ηιῒτθο.
277 3414 318 3463 18.
339 3408 389 3464 ἐὰν
409 3407 439 3463 δὲ
458 3409 489 3481 ἡ]
508 3409 538 3462 in
557 3427 610 3466 ras.
630 3410 662 3464 V.
726 3415 767 3463 21.
788 3409 880 3477 μήζων
899 3410 932 3480 V,
952 3410 1001 3463 sed
1020 3427 1103 3478 eorr.;

92 3498 138 3548 μει
154 3499 189 3534 ov
207 3497 233 3535 v.
