2424 3944
485 177 717 229 OATOPTRICA.
1039 174 1103 237 303

160 320 204 386 sit
234 320 345 384 oculus
368 324 411 405 Β,
437 320 608 405 longitudo
637 324 745 384 autem
774 320 907 404 obliqua
929 327 1009 403 AE,
1037 342 1106 405 spe·

90 427 201 492 culum
231 430 341 490 autern
368 432 401 490 A
407 429 441 490 Γ.
495 426 605 510 itaque
635 425 733 490 radiis
761 426 912 491 refractis
942 433 975 490 Λ
1001 427 1037 491 in
1064 434 1104 509 Α,

89 539 123 598 E
139 532 174 597 in
194 535 226 597 Γ
246 533 388 617 adparet,
412 538 444 597 et
464 533 548 597 sicut
566 555 600 596 re
618 554 696 596 uera
716 554 749 596 se
767 532 878 616 habet,
900 533 1000 597 etiam
1018 534 1106 597 uide-

89 645 146 704 tur
169 662 254 725 esse,
280 639 414 723 propius
437 639 585 723 propius,
607 639 818 724 longinquius
843 644 951 704 autem
975 640 1104 726 longin-

90 745 195 830 quius.

578 853 626 916 10.

159 976 395 1063 Longitudines
424 976 574 1060 obliquae
601 976 637 1040 in
660 977 799 1061 speculis
824 979 990 1061 connexis,
1018 979 1102 1044 sicut

531 1106 565 1147 re
589 1106 667 1148 uera
690 1089 779 1169 sunt,
800 1084 849 1149 ita
872 1086 1035 1169 adparent.

174 1166 200 1228 Δ
597 1189 767 1275 longitudo
801 1191 844 1254 sit
876 1196 958 1274 EA,
991 1191 1102 1256 oculus

440 1321 470 1380 Α
532 1301 639 1360 autem
657 1300 696 1381 Β,
719 1297 886 1379 speculum
903 1301 1012 1360 autern
1031 1319 1105 1362 con-

529 1425 647 1466 nexum
671 1405 750 1486 ΑΓ,
777 1407 810 1465 et
838 1403 920 1467 radii
948 1403 988 1466 ad
1010 1408 1053 1487 Β,
1071 1409 1103 1466 Δ

440 1495 473 1545 Γ
529 1509 670 1573 refracti.
721 1508 845 1590 reliqua
878 1531 955 1572 uero
992 1509 1102 1572 eadem

530 1620 614 1679 sunt.

572 1828 622 1892 11.

160 1951 359 2016 Altitudines
388 1957 421 2016 et
447 1953 686 2036 profunditates
713 1953 749 2017 in
776 1952 914 2036 speculis
943 1952 1103 2038 concauis,
1183 1939 1186 1944 ¹

92 2081 175 2144 quae
192 2059 280 2123 intra
299 2081 491 2124 concursum
510 2060 674 2124 radiorum
694 2064 779 2144 sunt,
803 2082 932 2125 sursum
951 2062 1101 2125 deorsum

91 2188 206 2230 uersae
229 2166 399 2250 adparent,
422 2166 506 2231 sicut
528 2167 563 2231 in
586 2167 725 2251 speculis
748 2167 854 2252 planis
879 2168 1103 2253 conuexisque‚

93 2295 176 2357 quae
209 2277 317 2337 autem
350 2278 442 2337 extra
470 2296 662 2338 concursum
695 2279 784 2359 sunt,
817 2274 902 2339 siout
934 2279 1023 2355 sunt,
1054 2275 1103 2338 ita

93 2379 192 2445 etiam
216 2380 379 2463 adparent.

160 2485 327 2569 speculum
346 2507 524 2550 concauum
544 2486 587 2551 sit
606 2490 679 2570 ΑΓ,
704 2479 816 2552 oculus
836 2492 944 2551 autem
959 2491 996 2568 Β,
1019 2486 1101 2550 radii

92 2595 203 2657 autem
224 2591 356 2656 refracti
375 2596 446 2677 ΒΑ,
460 2595 528 2656 ΒΓ
546 2597 579 2657 et
597 2615 773 2658 concursus
793 2615 904 2657 eorum
921 2593 956 2656 in
972 2598 1008 2676 Ζ,
1032 2592 1102 2657 alti-

91 2697 221 2762 tudines
240 2703 348 2763 autem
366 2704 435 2763 ΛΕ
452 2703 484 2762 et
503 2702 583 2784 ΚΝ,
606 2702 681 2764 ΚΝ
694 2699 783 2763 intra
802 2721 994 2764 concursum
1013 2699 1048 2762 in
1066 2704 1102 2785 Ζ,

92 2810 168 2869 ΛΕ
188 2809 298 2870 autern
321 2810 412 2869 extra
435 2827 636 2870 concursum.
677 2805 788 2889 itaque
807 2805 906 2870 radiis
925 2805 1102 2890 productis

129 3111 170 3159 14.
199 3104 234 3158 τὰ
258 3103 289 3159 δέ
312 3138 346 3145 -
370 3103 459 3194 αὐτοὶ)
487 3106 536 3159 καὶ
562 3105 580 3174 ἡ
608 3105 751 3170 ἀπόδειξις
779 3103 902 3173 φανερά·
937 3102 1019 3172 ὁμοία
1047 3103 1100 3174 γάρ

92 3176 150 3231 ἐστι
172 3185 205 3247 τῇ
234 3177 264 3231 ἐν
287 3186 346 3240 τοῖς
368 3176 511 3239 §arnsdorff
534 3175 679 3244 ἐνόπτροις
705 3195 741 3230 m.
834 3182 874 3230 15.
904 3177 958 3247 ια’]
988 3176 1023 3240 ιζ’
1043 3176 1098 3231 Vr.

130 3252 171 3301 17.
191 3245 253 3319 μέν]
273 3249 311 3316 μή
329 3250 365 3302 Μ.
439 3247 528 3318 ἐντός]
551 3247 628 3309 ἐκτός
645 3249 682 3303 M.
756 3249 947 3318 reputasses]
966 3247 1100 3316 πτώσεως,

93 3335 178 3387 supra
201 3335 251 3372 scr.
272 3337 336 3387 συμ,
360 3337 395 3373 m.
486 3325 528 3373 20.
555 3318 638 3390 locro]
664 3318 719 3372 ton
741 3319 777 3372 M.
869 3325 910 3372 22.
935 3319 1100 3389 σύμπτωσις]

92 3391 262 3457 συμπτώσεις
285 3390 342 3444 Vr.
434 3397 476 3444 23.
499 3389 530 3444 τό
546 3392 623 3461 (pr.)]
649 3398 697 3443 τοῦ
716 3408 752 3444 m.
844 3396 886 3445 24.
910 3391 971 3461 τοῦ]
992 3406 1044 3444 om.
1064 3408 1099 3444 m.

131 3460 168 3530 Z]
191 3460 243 3516 ins.
262 3479 297 3516 m.
319 3467 332 3514 1
357 3461 390 3517 V.
481 3467 523 3516 25.
547 3471 603 3516 τῶν
627 3460 733 3531 ὄψεων]
757 3477 810 3514 om.
830 3461 899 3515 Mm.
991 3469 1032 3515 26.
1057 3461 1100 3514 ἐν·

93 3531 218 3603 όπτροις]
238 3531 382 3602 ἐνόπτροις
400 3543 455 3588 τῶν
475 3533 569 3603 ὄψεων
588 3551 624 3603 m,
644 3531 789 3601 ἐνόπτροις
808 3530 937 3600 ἐφαίνετο
956 3533 993 3586 M.
