2424 3944
89 161 152 226 106
427 164 597 216 EUOLIDIS
616 163 753 216 οννιοι.

86 311 153 372 ΒΓ
175 307 433 393 περιγεγράφθω
461 317 583 392 τμῆμα,
616 305 783 385 ὄόέξεται
809 316 867 391 τῆς
891 307 975 393 πρὸς
997 315 1042 394 τῷ
1069 310 1106 371 Κ

85 417 208 497 γωνίας
235 412 395 498 ἡμίσειαν.
450 414 573 479 οὐκοῦν
600 414 620 498 ἡ
648 417 683 478 Κ
711 417 816 495 γωνία
845 414 1003 478 διπλασία
1030 411 1103 479 ἐστὶ

85 529 143 603 τῆς
160 526 193 584 Δ
216 523 347 602 γωνίας.
391 521 548 585 διπλασία
570 522 635 606 άρα
658 523 812 604 φαίνεται
830 521 850 604 ἡ
869 525 936 584 ΑΖ
959 529 1017 604 τῆς
1036 524 1108 586 ΒΓ

84 637 151 691 τῶν
173 626 329 711 ὀμμάτων
352 625 406 692 ἐπὶ
428 637 495 692 τῶν
519 630 637 710 AKZ,
661 631 762 692 ΒΔΓ
784 637 1005 713 περιφερειῶν
1033 651 1102 693 κει-

50 732 202 817 ομένων.

554 820 625 906 μθ’.

169 946 268 1012 Ἐστω
297 947 467 1033 ὁρώμενόν
493 968 525 1010 τι
553 944 693 1031 μέγεθος
720 948 758 1011 τὸ
787 951 862 1011 ΑΒ.
916 945 1016 1031 λέγω,
1049 948 1103 1014 ὄτι

83 1053 120 1117 τὸ
143 1057 209 1117 ΑΒ
238 1057 302 1138 ἔχει
330 1056 466 1137 τόπους,
495 1052 531 1118 ἐν
555 1045 606 1129 οἷς
632 1062 693 1118 τοῦ
716 1056 860 1138 ὄμματος
881 1053 1039 1131 τεθέντος
1064 1056 1101 1121 τὸ

82 1161 163 1225 αὐτὸ
184 1156 263 1225 ποτὲ
280 1161 381 1244 ἥμισυ
401 1157 479 1224 ποτέ
498 1159 577 1224 ὄλον
595 1156 674 1225 ποτὲ
692 1159 848 1243 τέταρτον
867 1163 1023 1245 φαίνεται
1044 1159 1102 1226 καὶ

33 1280 66 1329 10
84 1269 232 1331 καθόλου
257 1267 293 1331 έν
315 1276 361 1355 τῷ
386 1265 523 1331 δοθέντι
546 1268 643 1354 λόγῳ.

150 1374 409 1459 περιγεγράφθω
432 1372 509 1459 περὶ
531 1374 592 1457 τὴν
616 1377 681 1437 ΑΒ
705 1374 825 1450 κύκλος
848 1373 865 1439 ὁ
889 1377 990 1437 ΑΕΒ
1015 1375 1102 1439 ὥστε

83 1481 144 1563 τὴν
167 1484 233 1544 ΑΒ
256 1482 300 1564 μὴ
324 1475 409 1545 εἶναι
434 1481 620 1567 διάμετρον,
644 1478 701 1545 καλ
724 1482 875 1564 εἰλήφθω
899 1481 935 1544 τὸ
959 1478 1102 1567 κέντρον

82 1595 142 1650 τοῦ
170 1588 294 1651 κύκλον
322 1585 377 1651 καὶ
405 1589 488 1652 έστω
516 1588 553 1651 τὸ
578 1590 619 1671 Γ,
650 1584 703 1671 ἐφ’
725 1583 766 1652 οὗ
788 1590 913 1651 κείσθω
937 1587 975 1651 τὸ
1000 1588 1100 1671 ὄμμα,

82 1690 137 1756 καὶ
179 1691 427 1777 ἐπεζεύχθωσαν
464 1694 593 1758 εὐθεῖαι
634 1694 671 1758 αί

30 1812 64 1861 15
83 1803 157 1882 ΑΓ,
173 1802 243 1863 ΓΒ.
275 1800 341 1864 ὑπὸ
360 1810 417 1883 τῆς
435 1804 533 1866 ΑΓΒ
553 1802 617 1886 άρα
631 1801 668 1864 τὸ

83 1909 148 1969 ΑΒ
181 1904 342 1988 βλέπεται.
399 1911 524 1972 κείσθω
558 1908 598 1990 δὴ
631 1907 668 1971 τὸ

83 2012 170 2094 ὄμμα
194 2009 247 2076 ἐπὶ
269 2022 326 2096 τῆς
348 2021 408 2077 τοῦ
430 2014 555 2078 κύκλον
578 2038 669 2100 περι-

83 2121 216 2203 φερείας
256 2116 312 2182 καὶ
344 2121 426 2184 έστω
458 2121 495 2185 τὸ
527 2125 571 2203 Β,
614 2117 669 2183 καὶ

82 2222 376 2309 προσπιπτέτωσαν
394 2225 523 2303 άκτίνες
539 2228 576 2291 αλ
592 2231 669 2309 ΕΑ,
716 2246 754 2310 Α

30 2334 154 2395 νοΕΒ.
210 2328 279 2395 ἐπεὶ
316 2328 377 2398 οὖν
411 2332 431 2416 ἡ
459 2333 533 2398 ’ὑπὸ
569 2337 668 2398 ΑΓΒ

82 2442 188 2520 γωνία
211 2447 268 2522 τῆς
294 2440 359 2505 ὑπὸ
387 2445 488 2505 ΑΕΒ
521 2439 589 2505 ἐστι
620 2441 669 2504 δι-

83 2549 162 2629 πλῆ,
194 2547 231 2611 τὸ
260 2550 325 2610 ΑΒ
359 2548 423 2633 άρα
451 2547 515 2613 άπὸ
543 2556 603 2612 τοῦ
632 2551 664 2611 Γ
686 2545 862 2610 διπλάσιον
892 2542 1009 2628 ὁρᾶται
1038 2552 1098 2608 τοῦ

82 2649 146 2715 άπὸ
166 2661 225 2716 τοῦ
241 2656 280 2716 Β.
317 2653 438 2737 ὁμοίως
456 2652 511 2719 καὶ
529 2652 685 2736 τέταρτον
704 2649 803 2737 μέρος
821 2649 1018 2734 ὀφθήσεται,
1040 2648 1098 2715 ἐὰν

82 2755 102 2839 ἡ
119 2761 224 2839 γωνία
238 2767 296 2842 τῆς
310 2764 432 2841 γωνίας
445 2756 466 2847 ᾖ
480 2765 652 2847 τετραπλῆ,
666 2756 722 2823 καλ
736 2756 771 2822 έν
786 2766 831 2845 τῷ
846 2755 984 2821 δοθέντι
998 2759 1097 2845 λόγφ.

29 2957 63 3006 ‘25
568 2945 611 3011 v'.

154 3065 227 3127 Τῶν
247 3067 307 3147 ίσφ
326 3061 415 3146 τάχει
435 3059 628 3147 φερομένων
646 3058 702 3125 καὶ
722 3058 775 3126 ἐπὶ
793 3069 870 3144 μιᾶς
887 3059 971 3145 πρὸς
990 3058 1099 3146 ὀρθάς

83 3167 195 3244 αὐτοῖς
228 3170 328 3252 οὔσης
360 3169 493 3245 εὐθείας
524 3169 564 3233 τά
592 3166 646 3233 ἐπὶ
677 3168 717 3232 τά
745 3167 829 3232 αὐτὰ
860 3164 941 3251 μέρη
971 3164 1099 3253 πέρατα
1207 3181 1212 3189 “

82 3273 226 3358 ἑχόντων
253 3279 462 3361 προσιόντων
489 3271 549 3360 μὲν
576 3276 659 3360 πρὸς
681 3277 743 3359 τὴν
766 3272 931 3358 άγομένην
956 3273 1014 3338 διὰ
1038 3280 1098 3338 τοῦ

149 3395 293 3402 ——...

153 3456 177 3504 2.
202 3452 243 3522 K]
264 3468 318 3519 seq.
339 3468 392 3505 rae.
413 3458 427 3504 1
447 3451 502 3506 litt.
522 3452 555 3506 V.
634 3447 787 3504 διπλασίων
806 3448 929 3503 Vat.¹m.
1009 3453 1036 3503 3.
1061 3455 1087 3504 Δ

82 3519 112 3572 in
134 3538 187 3575 ras,
208 3522 241 3591 V,
271 3540 323 3577 om.
343 3521 469 3577 VatAv.
560 3522 626 3593 AZ]
656 3526 706 3575 AB
729 3520 855 3575 Vat.Av.
947 3524 972 3573 4.
1000 3522 1088 3576 ΑΒΖ

1204 3494 1209 3544 λ

1204 3581 1211 3616 ι
