2424 3944
152 147 194 212 16
464 137 465 140 ’
490 147 660 200 ωοοωιοιε
679 147 818 200 οΡωιοΑ.

149 295 232 380 πρὸς
254 295 316 378 τήν
338 299 406 358 ΕΔ
432 294 564 376 μείζονα
591 292 692 372 λόγον
720 291 786 372 ἔχει
813 290 896 373 ήπερ
924 287 945 371 ἡ
967 287 1033 353 ὑπὸ
1057 292 1164 353 ΗΕΘ

148 403 255 483 γωνία
273 399 356 484 πρὸς
377 398 438 482 τήν
460 397 525 462 ὑπὸ
546 400 652 460 ΖΕΘ.
689 393 744 459 καλ
764 395 799 459 ἐκ
817 391 877 479 μὲν
896 403 954 478 τῆς
972 393 1036 459 ὑπὸ
1056 399 1164 460 ΗΕΘ

148 510 273 590 γωνίας
294 503 447 588 βλέπεται
470 504 507 568 τὸ
528 506 597 585 ΓΔ,
621 501 657 566 ἐκ
680 498 716 566 δὲ
739 510 797 586 τῆς
818 500 883 566 ὑπὸ
909 504 1007 565 ΖΕΘ
1029 502 1068 566 τὸ
1087 507 1163 566 ΑΒ.

150 614 211 678 οὐκ
238 611 405 693 ἀνάλογον
437 612 502 696 ἀρα
528 621 599 686 τοῖς
626 608 853 692 ἀποστήμασιν
885 608 1000 692 ὁρᾶται
1033 608 1075 672 τὰ
1107 614 1163 673 ίσα

115 715 283 802 ομεγέθή.
632 798 667 866 θ’

221 931 267 994 T&
299 929 491 1016 ὀρθογώνια
523 925 647 1012 μεγέθη
685 925 718 1003 ἐξ
751 923 979 1010 ἀποστήματος
1011 926 1163 1013 ὁρώμενα

148 1045 310 1123 περιφερῆ
333 1038 496 1120 φαίνεται.

215 1145 297 1208 ἔστω
327 1144 389 1229 γὰρ
413 1142 624 1228 ὀρθογώνιον
647 1141 684 1207 τὸ
706 1145 775 1205 ΒΓ
829 1115 864 1176 B
989 1141 991 1145 ’

96 1264 129 1313 10
149 1248 250 1326 ἑστώς
281 1247 445 1336 μετέωρον
478 1249 510 1327 ἐξ
542 1249 770 1333 ἀποστήματος
857 1199 906 1298 r
1062 1204 1116 1310 Ἴ

149 1356 327 1441 ὁρώμενον.
373 1357 511 1440 οὐκοῦν,
538 1354 606 1422 ἐπεὶ
630 1354 769 1420 ἕκαστον

148 1474 215 1528 τών
236 1461 415 1550 ὁρωμένων
432 1466 497 1548 ἔχει
515 1487 547 1529 τι
569 1472 671 1548 μῆκος
689 1462 768 1527 ἀπο·
1127 1460 1156 1525 Β

149 1547 327 1654 στήμίιτος,
368 1565 409 1636 οὗ
443 1573 622 1655 γενόμενον
659 1568 770 1635 οὐκέτι
1070 1527 1115 1615 A

1025 1617 1149 1684 ΔΓ

30 1727 32 1731 1
148 1674 769 1762 mmssfflsmwmffl

96 1796 130 1845 15
149 1781 279 1869 ὁρᾶται,
307 1783 347 1847 τά
376 1779 413 1847 δέ
434 1791 481 1867 Δ,
502 1790 530 1848 Ζ
553 1797 670 1870 σημεῖα
696 1788 801 1870 μόνον
828 1790 990 1871 φαίνεται.
1041 1788 1163 1872 ὁμοίως

148 1886 203 1953 καὶ
222 1887 276 1973 ἐφ’
293 1887 431 1973 ἑκάστης
448 1901 515 1955 τών
534 1896 659 1957 λοιπῶν
678 1904 809 1974 γωνιῶν
831 1902 930 1958 τοῦτο
950 1898 1162 1980 συμβήσεται.

149 1995 233 2060 ώστε
256 1996 335 2061 ὅλον
357 1994 532 2083 περιφερὲς
554 1999 745 2082 φανήσεται.

636 2200 671 2240 ι.

221 2301 295 2363 Τών
308 2298 396 2364 κοίτω
410 2308 470 2364 τοῦ
485 2301 628 2383 ὄμματος
641 2299 802 2385 κειμένων
815 2300 978 2368 ἐπιπέδων
992 2303 1032 2368 τά
1045 2306 1160 2390 πόρρω

46 2410 49 2416 “
96 2416 130 2465 20
148 2406 371 2489 μετεωρότερα
393 2409 554 2491 φαίνεται.

215 2513 297 2577 ἔστω
322 2514 409 2598 όμμα
431 2514 468 2578 τὸ
488 2519 521 2576 Α
543 2517 785 2601 μετεωρότερον
807 2519 959 2601 κείμενον
977 2524 1038 2580 τοῦ
1053 2519 1161 2600 ΒΕΓ,

147 2615 203 2682 καλ
234 2617 528 2705 προσπιπτέτωσαν
558 2620 687 2698 ἀκτῖνες
715 2624 752 2686 αί
776 2627 853 2706 ΑΒ,
876 2628 957 2706 ΑΕ,
979 2627 1013 2686 Α
1019 2629 1062 2705 A,
1087 2629 1119 2687 A
1125 2625 1162 2706 Γ,

149 2719 197 2790 ὧν
219 2724 240 2808 ή
260 2731 326 2790 ΑΒ
348 2727 489 2803 κάθετος
512 2730 593 2792 ἔστω
618 2726 671 2793 ἐπὶ
693 2730 730 2794 τὸ
752 2729 970 2813 ὑποκείμενον
993 2729 1161 2794 ἐπίπεδον.

148 2830 248 2914 λέγω,
277 2833 386 2898 ὅτιτὸ
411 2837 472 2898 ΓΔ
494 2842 554 2898 τοῦ
578 2840 647 2900 ΛΕ
669 2837 908 2920 μετεωρότερον
931 2839 1101 2920 φαίνεται,
1125 2837 1162 2902 τὸ

96 2948 131 2998 25
150 2934 186 3002 δὲ
215 2943 284 3003 ΔΕ
312 2947 373 3002 τοῦ
400 2944 472 3004 ΒΕ.
526 2941 677 3024 εἰλήφθω
706 2940 770 3026 γὰρ
799 2938 852 3006 έπλ
878 2950 936 3025 τής
963 2946 1029 3006 ΒΕ
1059 2944 1163 3028 τυχὸν

149 3056 284 3128 σημεῖον
315 3045 397 3109 κατὰ
429 3047 466 3111 τὸ
495 3051 538 3129 Ζ,
569 3044 625 3111 καλ
656 3047 751 3130 ήχθω
783 3048 867 3132 πρὸς
898 3047 1006 3134 ὀρθὰς
1034 3047 1055 3132 ἡ
1085 3054 1162 3114 ΖΗ.

150 3150 232 3235 [καὶ]
264 3149 334 3216 έπελ
367 3153 404 3217 αί
433 3153 525 3231 όψεις
556 3155 720 3238 πρότερον
750 3155 834 3238 πρὸς
865 3155 927 3238 τήν
955 3159 1029 3220 ΖΗ
1058 3175 1162 3242 προσ-

148 3260 326 3322 πίπτουσιν
347 3259 429 3345 ήπερ
452 3261 536 3345 πρὸς
558 3262 619 3345 τήν
643 3263 714 3345 ΖΓ,
736 3258 965 3346 προσπιπτέτω
988 3269 1028 3347 τῇ
1050 3267 1124 3328 ΖΗ
1142 3261 1162 3347 ἡ

220 3438 243 3486 1.
272 3432 342 3501 πρὸς
364 3433 415 3502 τὴν
440 3437 506 3506 ΕΔ]
535 3432 635 3504 γωνία,
664 3452 732 3491 corr.
757 3435 788 3488 in
811 3437 911 3490 εὐθεῖα
933 3436 1004 3505 πρὸς
1028 3437 1081 3508 τὴν
1107 3442 1164 3494 ΕΔ

148 3521 183 3557 m.
204 3509 218 3555 1
238 3504 271 3559 V.
353 3504 421 3558 Post
439 3509 495 3560 ΕΔ
514 3507 578 3561 add.
599 3508 716 3563 εὐθεῖαν
735 3507 793 3577 Bv,
818 3509 917 3562 εὐθεῖα
936 3508 1001 3562 vat.
1022 3510 1050 3578 (ν
1068 3527 1107 3564 m.
1128 3514 1162 3582 2).
