2424 3944
141 186 210 251 212
351 188 562 242 OH'ICOROE
578 187 758 239 memo
773 186 941 239 ‘mmm

142 333 234 398 ἐστιν
257 337 322 415 ἴση.
347 331 365 414 ἡ
389 329 425 396 d}
447 333 531 413 πρὸς
553 341 599 418 τῷ
622 336 660 395 Π
679 340 718 416 τῇ
746 331 812 395 ὑπὸ
834 332 949 395 ΑΕΒ·
972 331 1095 413 μείζων
1116 324 1152 392 δὲ

143 438 161 521 τ’,
186 444 217 504 0
243 448 302 521 τῆς
328 444 373 503 Π.
421 441 539 522 μείζων
565 440 631 523 ἄρα
656 440 839 521 φανήσεται
865 436 980 519 ήΗΘ
1004 444 1066 518 τῆς
1088 438 1153 499 AB

141 546 283 621 εὐθείας.

209 672 267 752 Μή
301 672 383 733 ἔστω
415 668 457 751 θή
489 672 607 752 μείζων
636 667 656 749 ἡ
684 667 749 732 ἀπὸ
775 676 836 731 τοῦ
862 669 1008 751 ὄμματος
1035 661 1090 729 ἐπὶ
1116 664 1152 727 τὸ

106 791 123 837 5
141 776 280 857 κέντρον
298 774 551 858 ἐπιζευγνυμένη
574 784 633 857 τῆς
653 774 689 838 έκ
706 782 767 838 τοῦ
784 772 934 857 κέντρου,
956 771 1042 836 ἄλλά
1061 769 1152 835 έλάσ-

142 900 224 948 σων·
248 884 338 946 ἔσται
361 882 402 964 ὸή
425 880 499 965 περῖ
523 882 581 957 τάς
601 879 799 964 θιαμέτρονς
816 880 1028 944 τούναντιον·
1052 877 1151 960 ήγάρ

141 992 213 1052 τότε
240 990 358 1070 μείζων
384 998 451 1051 τῶν
480 986 666 1071 ὸιαμέτρων
692 996 757 1051 νῦν
784 986 933 1050 ἐλάσσων
959 985 1151 1068 φανήσεται,

142 1093 161 1176 ἡ
186 1090 222 1158 ὀὶ
241 1093 390 1158 ἐλάσσων
407 1097 534 1177 μείζων.
571 1097 654 1158 ἔστω
675 1095 796 1169 κύκλος
817 1093 835 1158 ὁ
858 1098 891 1156 Λ
897 1094 1002 1173 ΒΓΔ,
1025 1088 1082 1154 καὶ
1104 1090 1150 1152 θι-

141 1202 301 1284 ήχθωσαν
324 1201 386 1264 ὸύο
410 1201 578 1284 διάμετροι
595 1199 772 1284 τέμνουσαι
790 1199 934 1281 ἀλλήλας
948 1197 1035 1281 πρὸς
1048 1195 1151 1280 ὀρθάς

90 1320 124 1368 ιο
142 1308 180 1371 ιιί
196 1311 272 1389 AB,
287 1310 357 1390 ΓΛ,
380 1305 473 1391 ἑτέρα
491 1306 531 1371 δέ
546 1331 596 1383 τις
613 1309 743 1391 διήχθω
762 1306 782 1388 ή
800 1309 840 1370 Η
842 1310 881 1389 Θ,
898 1307 987 1388 ὄμμα
1004 1301 1044 1368 δὲ
1062 1304 1098 1368 τὸ
1114 1306 1150 1384 E,

142 1410 202 1495 ἀφ’
222 1408 264 1478 οὗ
288 1412 307 1495 ἡ
330 1412 383 1477 ἐπὶ
406 1415 444 1478 τὸ
467 1418 495 1477 Ζ
522 1413 661 1498 κέντρον
684 1413 912 1496 ἐπιζευχθεῖσα
938 1413 1022 1475 ἔστω
1048 1410 1067 1493 ἡ
1089 1413 1149 1474 ΕΖ

142 1518 291 1583 ἐλάσσων
322 1516 407 1585 οὖσα
438 1518 593 1604 ἑκατέρας
623 1532 691 1584 τῶν
722 1519 758 1583 ἐκ
789 1527 849 1583 τοῦ
879 1516 1037 1603 κέντρου,
1072 1517 1149 1601 πρὸς

142 1625 249 1709 ὀρθάς
270 1623 306 1690 ὑὲ
330 1637 370 1712 τή
394 1630 455 1691 ΓΛ
478 1630 560 1692 ἔστω
583 1625 604 1709 ή
627 1630 701 1708 ΕΖ,
728 1623 783 1689 καῖ
805 1629 929 1688 κείσθω
952 1634 993 1710 τῇ
1015 1632 1078 1688 τοῦ
1096 1622 1148 1687 κά

142 1738 223 1797 κλου
252 1732 415 1820 ὸιαμέτρφ
444 1739 498 1815 ἴση
526 1731 546 1814 ή
577 1735 658 1796 ΛΜ
683 1730 739 1796 καὶ
765 1732 938 1815 τετμήσθω
968 1731 1048 1813 δίχα
1073 1728 1148 1794 κατὰ

91 1853 124 1901 15
142 1840 180 1903 τὸ
199 1844 243 1922 N,
266 1838 321 1903 καὶ
344 1839 481 1923 άνήχθω
505 1838 569 1903 άπὸ
592 1847 652 1902 τοῦ
670 1842 710 1902 Ν
726 1839 810 1923 πρὸς
836 1837 942 1921 ὀρθὰς
963 1835 985 1919 ή
1007 1841 1049 1901 Ν
1050 1836 1082 1910 Ξ
1100 1841 1147 1916 ἴση

142 1955 181 2031 τῇ
209 1950 287 2028 ΕΖ,
319 1943 374 2009 καῖ
401 1944 659 2030 περιγεγράφθω
687 1943 763 2029 περὶ
789 1945 851 2026 τὴν
877 1947 958 2007 ΛΜ
979 1940 1036 2006 καῖ
1064 1943 1100 2007 τὸ
1124 1938 1150 2013 Ξ

142 2062 278 2133 σημεῖον
293 2060 402 2133 τμῆμα
418 2051 543 2115 κύκλου
556 2052 594 2115 τὸ
607 2055 638 2115 Λ
644 2052 731 2123 ΞΜ·
754 2053 844 2114 ἔσται
862 2050 904 2133 δή
923 2053 1066 2114 ἔλασσον
1083 2047 1147 2132 ήμι-

141 2158 294 2238 κυκλίου,
327 2155 500 2241 ἐπειδήπερ
527 2157 549 2239 ἡ
576 2158 648 2229 ΝΞ
675 2157 824 2223 ἐλάσσων
852 2153 920 2221 ἐστὶ
946 2164 1006 2237 τῆς
1033 2154 1070 2220 ἐκ
1095 2160 1147 2218 τοῦ

141 2260 290 2346 κέντρου.
326 2265 417 2326 ἔσται
436 2262 516 2346 ὸὴή
539 2265 623 2348 πρὸς
645 2274 691 2352 τῷ
710 2263 741 2337 Ξ
760 2266 882 2350 σημείῳ
902 2265 1008 2344 γωνία
1026 2262 1048 2345 ἡ
1065 2283 1147 2345 περι-

91 2382 125 2429 20
143 2365 280 2451 εχομένη
307 2368 372 2433 ὑπὸ
405 2380 473 2434 τῶν
500 2369 615 2444 ΛΞΜ
642 2377 697 2453 ἴση
726 2380 767 2456 τῇ
798 2371 882 2456 πρὸς
911 2377 956 2456 τῷ
988 2373 1035 2451 Ε,
1067 2389 1148 2451 περι-

143 2474 280 2560 εχομένη
303 2472 340 2540 δὲ
363 2475 428 2540 ὑπὸ
452 2487 519 2541 τῶν
543 2479 654 2540 ΓΕΔ.
704 2480 752 2541 ἔτι
779 2479 903 2541 κείσθω
928 2484 968 2560 τῇ
995 2474 1063 2539 ὑπὸ
1090 2484 1171 2568 τῶν·

143 2586 252 2646 ΕΖΗ
281 2589 335 2665 ἴση
363 2582 383 2665 ή
410 2583 476 2647 ὑπὸ
499 2593 567 2647 τῶν
590 2587 709 2665 ΛΝΟ,
740 2580 797 2646 καὶ
819 2581 1006 2666 άφηρήσθω
1029 2589 1071 2666 τῇ
1093 2579 1148 2644 ΕΖ

144 2694 198 2770 ἴση
221 2713 242 2771 η
261 2694 340 2772 ΝΟ,
363 2687 419 2753 καῖ
442 2689 699 2775 περιγεγράφθω
722 2686 799 2775 περὶ
818 2690 879 2772 τήν
897 2691 978 2752 ΛΜ
995 2685 1053 2751 καὶ
1071 2687 1107 2751 τὸ
1125 2687 1149 2748 O

144 2807 279 2878 σημεῖον
297 2796 334 2859 τὸ
354 2799 469 2859 ΛΟΜ
486 2804 603 2879 τμῆμα.
639 2795 660 2878 ἡ
679 2796 826 2880 δήπρὸς
843 2804 889 2882 τῷ
904 2799 932 2859 0
950 2795 1075 2880 σημείῳ
1093 2814 1148 2875 γω-

91 2911 125 2960 25
144 2904 200 2964 νίιι
228 2899 248 2982 ή
275 2899 488 2985 περιεχομένη
515 2901 581 2965 ὑπὸ
608 2913 676 2966 τῶν
704 2905 820 2965 ΛΟΜ
842 2907 896 2983 ἴση
920 2897 989 2965 ἐστὶ
1012 2909 1055 2985 τῇ
1075 2898 1149 2981 πρὸς

144 3016 190 3094 τῷ
214 3011 246 3070 Ε
266 3017 305 3092 τῇ
328 3005 541 3094 περιεχομένη
564 3008 629 3072 ὑπὸ
653 3019 721 3072 τῶν
746 3011 857 3072 ΘΕΗ.
898 3008 945 3071 ἔτι
968 3008 1094 3070 κείσθω
1114 3010 1147 3086 τή

144 3112 209 3177 ὑπὸ
242 3124 310 3178 τῶν
338 3118 420 3197 ΑΖ,
446 3118 510 3177 ΖΕ
541 3119 595 3196 ἴση
628 3114 648 3197 ἡ
679 3112 745 3178 ὑπὸ
776 3124 843 3178 τῶν
875 3116 959 3194 ΛΝ,
983 3116 1073 3195 ΝΠ,
1100 3103 1147 3174 καὶ

218 3258 241 3305 1.
262 3254 355 3320 μεῖζον
369 3270 395 3308 v.
451 3259 475 3307 2.
495 3255 588 3321 μεῖζον
603 3271 628 3306 v,
684 3258 709 3307 3.
729 3249 855 3322 εὐθείας]
871 3248 975 3320 γωνίας
987 3251 1021 3320 V,
1042 3244 1147 3307 εὐθείας

144 3319 248 3389 γωνίας
266 3341 314 3391 pv.
404 3330 428 3378 4,
449 3324 479 3393 μ’
494 3325 554 3393 Vv,
579 3324 628 3392 μα’
644 3343 670 3393 p.
759 3331 782 3378 7.
811 3324 904 3391 μεῖζον
922 3340 948 3376 v.
1036 3326 1078 3375 11.
1097 3319 1147 3374 ἐπι·

145 3394 286 3464 ζευχθῆσα
305 3413 330 3449 v.
396 3400 437 3448 18.
458 3392 531 3451 ἐστίν
550 3396 606 3449 Vv.
674 3401 715 3449 19.
734 3396 784 3485 τῷ]
801 3393 833 3448 τό
851 3411 876 3447 v.
949 3398 992 3447 22.
1011 3392 1042 3464 ἡ]
1063 3405 1146 3446 omv.

181 3467 348 3588 Ξείτμήμα]
367 3474 459 3536 τμῆμα
478 3468 582 3521 κύκλου
600 3485 627 3536 p.
708 3471 750 3519 25.
769 3465 800 3536 η]
820 3481 904 3533 supra
923 3480 974 3518 scr.
993 3482 1030 3518 m.
1049 3479 1103 3518 rec.
1119 3458 1145 3513 V.

196 3552 226 3587 σι
239 3556 256 3589 ν
305 3554 330 3588 v.
