2424 3944
121 159 143 219 4
465 154 634 207 EUGLIDIS
654 152 792 206 OPTIOA.

122 301 256 386 οὐκοῦν,
280 299 384 366 έπεὶ’
368 324 404 364 εν
423 294 620 381 διαστήματι
637 295 796 382 φέρονται
815 296 853 360 αἱ
868 299 1135 381 προσπίπτουσαι

121 410 232 492 ὄψεις,
276 407 337 472 οὐκ
379 404 420 470 ὄιν
460 407 697 490 προσπίπτοιεν
737 419 815 468 συν-
857 453 894 509 Α
920 453 957 510 I,
985 454 1030 513 K
1094 455 1124 512 Δ

121 527 205 598 εχεις
226 515 310 599 πρὸς
332 514 370 578 τὸ
387 518 469 577 ΑΔ·
494 513 577 577 ῶστε
599 509 751 593 γένοιντο
774 509 816 575 ἂν

120 620 280 685 καὶκατὰ
303 620 340 684 τὸ
364 624 430 683 AA
453 619 667 702 διαστήματα,
689 618 773 703 πρὸς
796 616 816 681 6

83 733 102 788 ’ὅ
122 729 159 792 αί
179 729 272 806 ὄψεις
294 726 334 791 οὐ
357 733 631 812 προσπεσοῦνται.
673 724 734 789 οὐκ
752 725 817 809 ἄρα

121 833 307 917 ὀφθήσεται
335 834 414 898 ὄλον
442 833 508 917 ἅμα
524 833 572 897 τὸ
600 836 675 895 ΑΔ.
726 831 820 895 δοκεῖ

121 937 159 1005 δὲ
195 939 340 1026 ὁρᾶσθαι
376 941 442 1025 ἅμα
482 949 550 1003 τῶν
586 940 696 1017 ὄψεων
734 939 816 1021 ταχὺ
973 1028 1010 1086 B
1068 946 1070 948 ’

120 1045 412 1133 παραφερομένων.

607 1150 650 1235 β’.

72 1275 105 1323 10
196 1263 275 1324 Τῶν
307 1265 390 1324 ίσων
421 1264 574 1343 μεγεθῶν
606 1257 643 1322 ἐν
675 1258 872 1341 διαστήματι
903 1253 1064 1339 κειμένων
1097 1257 1138 1319 τὰ

122 1370 236 1450 ἔγγιον
258 1369 391 1450 κείμενα
414 1363 648 1451 ἀκριβέστερον
671 1363 796 1450 ὁρᾶται.

189 1473 321 1538 έστω”
303 1495 390 1555 ομμα
417 1467 478 1556 μὲν
505 1473 542 1535 τὸ
566 1475 610 1554 Β,
638 1470 788 1556 ὁρώμενα
816 1466 904 1534 δὲ
875 1491 912 1533 το
937 1472 997 1533 ΓΔ
1020 1467 1136 1533 καὶτὸ

123 1582 201 1663 ΚΛ,
224 1580 331 1665 χρήὸ
332 1576 462 1644 έυοεϊν
485 1578 568 1643 αὐτὰ
591 1584 647 1643 ίσα
669 1601 711 1642 αα
713 1575 946 1662 ὶπαροίλλήλα,
970 1572 1139 1659 έγγιονδὲ

122 1688 204 1752 ἔστω
241 1687 278 1751 τὸ
315 1688 392 1769 ΓΔ,
433 1684 489 1750 καὶ
524 1682 911 1832 66066666666666K

71 1805 103 1855 15
122 1794 216 1872 οψεις
238 1816 258 1856 α
261 1794 372 1876 ί,ΒΓ
391 1797 463 1876 BA,
487 1795 563 1875 ΒΚ,
581 1796 651 1856 ΒΛ.
689 1791 729 1855 06
754 1772 911 1876 6661s

122 1899 165 1964 ὄν
188 1905 349 1982 εἴποιμεν,
380 1899 424 1975 ῶς
447 1900 484 1962 αί
504 1897 568 1963 ἀπὸ
591 1907 651 1962 τοῦ
674 1900 819 1982 ὄμματος
869 1932 901 1991 Γ

121 2007 205 2091 πρὸς
241 2005 278 2068 τὸ
315 2007 383 2068 ΚΛ
423 2009 689 2090 προσπίπτουσαι
726 2005 819 2082 ὄψεις

123 2112 180 2240 666
211 2123 278 2176 τῶν
311 2113 353 2194 Γ,
381 2115 415 2174 A
445 2114 589 2195 σημείων
619 2109 819 2176 ἐλεύσονται.

123 2216 237 2303 ήγὰρ
270 2218 435 2302 τριγώνου
467 2225 527 2282 τοῦ
555 2218 814 2283 ΒΔΛΚΓΒ
796 2243 817 2302 6

71 2336 106 2386 20
124 2328 193 2388 ΚΛ
227 2326 346 2408 μείζων
381 2322 423 2387 ἂν
458 2318 501 2407 ήν
532 2333 590 2408 τῆς
623 2328 700 2389 ΓΛ·
736 2326 818 2391 ὑπό-

124 2427 288 2496 αειταιὸὲ
305 2428 362 2494 καὶ
381 2435 444 2513 ίσή.
482 2431 606 2496 οὐκοῦν
624 2433 661 2497 τὸ
682 2433 778 2497 ΓΛ
760 2435 826 2498 υπὸ
844 2437 1009 2499 πλειονων
1029 2437 1140 2512 ὄψεων

124 2537 240 2623 ὁρᾶται
262 2537 346 2623 ήπερ
370 2539 407 2603 τὸ
431 2541 508 2603 ΚΛ.
551 2537 828 2625 ἀκριβέστερον”
807 2565 872 2626 αρα
895 2542 1078 2625 φανήσεται
1102 2544 1139 2607 τὸ

124 2647 188 2710 ΓΔ
214 2653 273 2708 τοῦ
296 2647 373 2708 ΚΛ·
406 2645 446 2708 τὰ
472 2645 535 2731 γὰρ
558 2645 623 2710 ὑπὸ
646 2649 810 2711 πλειόνων
833 2659 965 2730 γωνιῶν
988 2648 1141 2734 ὁρώμενα

125 2748 358 2836 ἀκριβέστερον
381 2755 544 2836 φαίνεται.

72 2888 105 2938 25
611 2876 654 2960 γ’.

184 2980 346 3047 Ἕκαστου
363 2993 431 3048 τῶν
450 2982 628 3069 ὁρωμένων
646 2987 710 3067 ἔχει
729 3007 761 3048 τι
779 2993 881 3070 μήτιος
901 2984 1141 3071 ἀποστήματος,

127 3085 167 3154 οὗ
190 3092 369 3174 γενόμενον
393 3088 503 3155 οὐκέτι
525 3090 649 3177 ὁρᾶται.

193 3199 274 3261 έστω
308 3196 371 3325 γαρ
400 3197 487 3281 ὄμμα
514 3193 575 3281 μὲν
602 3198 639 3262 τὸ
667 3202 710 3283 Β,
743 3198 912 3285 ὁρώμενον
940 3197 977 3264 66
1004 3202 1041 3267 τὸ
1071 3205 1142 3266 ΓΔ.

126 3299 212 3385 φήμὶ
239 3302 346 3385 66‘,'
328 3326 379 3368 οτι
406 3305 443 3368 τὸ
472 3306 534 3368 ΓΔ
566 3306 602 3368 έν
629 3328 695 3370 τινι
728 3305 931 3392 ἄποστήματι
959 3311 1143 3392 γενόμενον

198 3447 222 3495 3.
242 3439 366 3510 γίνοιντο
385 3443 449 3497 Vat
456 3441 578 3513 ,γίνετο
598 3462 623 3498 v
697 3449 721 3499 8.
741 3443 968 3514 περιφερομένων
987 3464 1023 3499 m.
1101 3453 1142 3500 11.

129 3511 237 3582 ἔγγειον
256 3513 289 3582 V,
314 3530 382 3567 corr.
401 3532 437 3568 m.
458 3521 487 3583 13
515 3514 584 3569 item
602 3515 651 3569 lin
673 3521 714 3570 13.
798 3523 838 3570 12.
859 3517 998 3588 ὁρώμενα]
1018 3534 1089 3572 corr.
1110 3536 1144 3573 ex
