2424 3944
201 191 239 240 ιω
258 189 467 241 οΡΤιοοιιοΜ
485 190 742 241 εοοσαειοιισιι
759 191 926 244 ΤΗεοαιο.
1004 187 1068 252 269

58 330 225 397 ἐπιπέδων
244 355 278 396 τε
300 329 355 396 καλ
372 333 504 397 κύκλων
526 329 581 396 καλ
600 334 760 397 τοιούτων
778 343 890 415 τινῶν,
913 333 969 397 ἴνα
987 334 1070 397 κατδι

59 438 170 504 πάντα
198 439 380 523 σύμφωνον
403 439 508 522 αύτήν
529 441 650 524 ποιήσῃ
678 452 747 516 τοῖς
770 439 805 503 ἐν
828 450 867 525 τῇ
891 442 1071 526 γεωμετρίᾳ

60 548 236 629 στοιχείοις
258 543 313 609 καὶ
331 545 564 631 παρασκευάσῃ
587 547 646 610 τὸν
665 545 830 631 ἀκροατήν
849 547 929 629 μετὰ
947 550 1071 629 πολλής

60 652 112 716 ὅτι
135 651 276 736 μάλιστοι
294 651 417 736 ήδονής
436 651 608 734 έγκύπτειν
626 664 696 728 τοῖς
713 654 937 736 θεωρήμασιν,
961 653 1069 734 ὥσπερ

60 756 173 841 ἀμέλει
196 755 255 822 καλ
270 756 323 822 έπλ
341 767 399 842 τῆς
422 758 641 844 ἀριθμητικῆς
660 761 749 823 ἔστιν
769 760 853 823 ίδεῐν
876 759 979 823 αὐτὸν
1001 780 1070 822 ποι-
1106 771 1122 818 5

61 873 165 928 οῦντα
188 861 243 928 καλ
261 868 460 948 γεωμετρίας
482 862 537 928 καλ
555 875 622 928 τῶν
640 866 750 929 ἀλλων
768 865 982 948 μαθημάτων.
1020 865 1070 929 ὅτι

60 966 122 1054 μὲν
145 971 208 1054 γὰρ
233 971 294 1035 δύο
314 971 529 1053 τετραγώνων
549 969 703 1055 ἀριθμῶν
722 963 768 1046 εἷς
786 969 888 1054 μέσον
906 971 1071 1053 ἀνάλογόν

61 1076 153 1141 ἐστιν
177 1075 329 1161 ἀριθμός,
352 1085 450 1141 τοῦτο
474 1075 597 1160 ἀληθές
620 1077 719 1161 ἐστιν,
744 1076 814 1142 ἀλλ’
838 1078 878 1142 ού
902 1079 955 1142 δεῖ
972 1086 1071 1141 τοῦτο

62 1185 169 1266 μόνον
202 1180 258 1246 ἀπ’
288 1183 389 1267 αύτής
420 1181 542 1247 εἰδέναι
574 1192 632 1267 τής
663 1186 864 1267 αἰσθήσεως,
896 1183 941 1248 ἵν’
966 1183 1072 1259 οὕτως

61 1295 153 1371 εἴπω,
177 1288 260 1353 ἀλλά
282 1287 337 1353 καὶ
361 1288 406 1354 δι’
424 1288 620 1367 ἀποδείξεως
638 1288 886 1376 ἀσφαλεστέραν
904 1293 990 1374 έγειν
1009 1291 1070 1373 τήν
1091 1304 1123 1350 10

62 1392 138 1480 περὶ
158 1394 261 1459 αὐτοῦ
280 1407 413 1477 γνῶσιν.
451 1397 572 1480 ὁμοίως
585 1392 621 1460 δέ
639 1394 695 1460 καλ
713 1406 811 1462 τοῦτο
830 1394 953 1480 ἀληθές
972 1395 1071 1479 έστιν,

63 1503 125 1584 ὅτι,
144 1500 202 1566 έάν
222 1502 284 1566 δύο
299 1501 428 1566 εὐθεῖαι
446 1501 608 1586 τέμνωσιν
627 1502 778 1586 ἀλλήλας,
797 1503 855 1578 τάς
873 1504 955 1566 κατὰ
973 1526 1072 1588 κορυ-

62 1610 132 1692 φήν
159 1612 284 1690 γωνίας
312 1615 385 1685 ἴσοις
411 1607 567 1692 ἀλλήλαις
593 1610 805 1692 ποιήσουσιν,
836 1606 891 1673 καλ
924 1611 1071 1695 φανερὸν

62 1715 127 1780 ἀπὸ
151 1724 208 1798 τῆς
231 1717 432 1799 αἰσθήσεως,
459 1713 531 1779 ἀλλ’
553 1715 614 1778 οὐκ
638 1714 764 1800 ἀπόχρη
787 1715 871 1799 πρὸς
893 1713 1072 1798 ἐπιστήμην

61 1823 99 1886 τὸ
129 1821 235 1896 οὕτως
262 1818 386 1885 εἰδέναι
412 1824 530 1905 μόνον,
558 1819 630 1886 ἀλλ’
656 1825 742 1906 ἔχειν
769 1829 867 1886 τοῦτο
892 1819 1072 1904 ὁμολογού-
1092 1832 1124 1881 15

62 1950 166 2012 μενον
194 1930 229 1991 έκ
256 1950 358 1992 τινων
385 1927 556 2013 προτέρων
583 1926 638 1992 καλ
666 1927 941 2014 γνωριμωτέρων·
974 1936 1071 1992 τοῦτο

62 2032 103 2098 δέ
124 2032 213 2098 ε’στιν
236 2032 256 2116 ἡ
280 2033 454 2112 ἀπόδειξις.
499 2033 517 2098 ὁ
541 2034 641 2111 αὐτὸς
663 2039 779 2099 τοίνυν
803 2038 901 2118 λόγος
923 2032 991 2099 έστλ
1017 2031 1072 2098 καλ

62 2138 117 2204 ἐπὶ
140 2140 279 2224 τούτων,
303 2141 353 2205 ὅτι
376 2153 525 2225 φυσικῶς
548 2145 613 2226 ἔχει
635 2141 655 2226 ἡ
675 2143 790 2228 ὅρασις
809 2142 913 2218 ούτως
933 2139 1073 2226 ὁρῶντά

63 2245 225 2332 ὁρώμενα,
249 2247 294 2322 ὡς
313 2244 331 2310 ὁ
350 2248 534 2332 Εὐκλείδης
554 2252 667 2333 φησίν,
690 2240 746 2313 ίνα
765 2245 802 2313 δὲ
819 2246 875 2312 κοιλ
894 2248 1073 2331 ἐπιστήμην

62 2353 175 2417 αὐτῶν
208 2356 346 2438 ἔχωμεν,
378 2356 461 2441 πρὸς
492 2357 676 2439 κατάληφιν
707 2353 942 2441 ἀκριβεστέραν
968 2375 1072 2438 παρα-
1091 2363 1126 2413 20

63 2459 289 2543 λαμβάνονται
322 2461 358 2526 έν
390 2474 461 2537 ταῖς
494 2461 701 2540 ἀποδείξεσιν
733 2461 844 2526 αύτῶν
870 2461 985 2524 κύκλοι
1018 2458 1074 2524 καλ

63 2565 201 2630 ἐπίπεδα
223 2565 279 2631 καλ
302 2569 385 2632 ἀλλα
408 2577 552 2632 τοιαῦτα.

134 2692 195 2775 χρή
220 2687 256 2754 δὲ
280 2690 418 2775 εἰδέναι,
451 2692 495 2767 ὡς
518 2694 596 2767 τοὺς
617 2693 760 2768 κύκλους
786 2690 841 2756 καλ
864 2692 904 2755 τδι
927 2690 1073 2775 ἐπίπεδα,

64 2797 145 2861 ὅταν
177 2792 237 2879 μὲν
265 2794 393 2882 ὁρῶμεν
425 2798 509 2862 αὐτὰ
540 2798 580 2861 τδι
612 2798 746 2881 σώματα
779 2790 851 2862 οἷον
879 2809 1025 2883 σφαῖραν
1052 2796 1072 2880 ή

63 2904 261 2988 κύλινδρον,
284 2915 411 2987 νοητῶς
434 2906 487 2968 δεῖ
507 2903 714 2990 ἀναγράφειν
737 2903 757 2988 ή
781 2904 965 2989 έκβάλλειν,
994 2905 1073 2969 ὅταν
1092 2913 1126 2962 25

64 3006 102 3074 δὲ
126 3008 162 3074 έν
185 3007 341 3097 ἐπιπέδῳ,
365 3012 532 3093 αἰσθητῶς
554 3009 599 3086 ὡς
622 3008 778 3074 ἐνταῦθα.

69 3227 277 3238 -------.

137 3403 162 3451 4.
187 3396 332 3468 έγγύπτειν
351 3397 383 3450 V.
475 3403 498 3450 6.
523 3399 728 3465 μαθηματικῶν
750 3415 777 3465 p.
869 3401 892 3450 7.
916 3393 1012 3466 μέσον]
1034 3395 1074 3450 sie

65 3469 123 3537 Vp.
189 3474 229 3523 10.
249 3466 303 3539 δι’]
323 3465 372 3521 διά
390 3486 417 3536 p.
490 3473 532 3522 13.
551 3467 698 3536 ποιήσουσι
715 3487 742 3537 p.
808 3472 849 3522 15.
869 3465 943 3539 ἀλλ’]
963 3465 1033 3522 ἀλλά
1046 3486 1072 3538 p.

102 3545 144 3593 24.
165 3536 227 3595 οῖον
246 3572 279 3581 -
300 3545 340 3593 25.
359 3539 522 3611 κύλινδρον]
541 3538 592 3594 ins.
612 3539 673 3594 ead.
692 3557 766 3594 man.
785 3539 818 3594 V.
