2424 3944
144 177 206 242 126
368 180 524 236 εοΗοιιι
542 181 582 233 m
599 181 769 234 εοοτιοιε
788 181 927 236 οενιοι.

143 326 327 406 ἰσογωνίων
350 326 523 411 τριγώνων
546 323 712 408 ίινοίλογόν
735 327 820 390 εἰσιν
843 327 880 390 αί
900 322 975 411 περὶ
997 326 1057 402 τὰς
1081 331 1155 402 ίσας

141 435 264 513 γωνίας
282 429 421 517 πλευραὶ
435 431 492 495 διὰ
505 440 566 495 τοῦ
580 429 614 495 δ’
629 440 689 496 τοῦ
704 428 736 499 ς’
751 444 817 496 τῶν
836 435 1028 516 Στοιχείων.
1059 435 1153 498 ε”σται

28 548 30 553 ’
142 533 204 603 οὖν
227 538 272 614 ὡς
294 537 314 621 ἡ
337 542 404 601 EA
430 539 513 625 πρὸς
532 540 593 622 τὴν
615 541 695 621 ΛΓ,
724 539 830 614 οὕτως
852 539 873 623 ἡ
896 543 962 603 EA
984 540 1068 624 πρὸς
1090 541 1153 623 τὴν

142 650 225 711 ΛΚ·
255 641 311 709 καὶ
334 642 486 729 ἐναλλάξ,
510 647 555 721 ὡς
576 643 597 727 ἡ
620 651 688 710 EA
709 646 792 732 πρὸς
815 648 876 730 τὴν
898 651 980 730 ΕΛ,
1003 646 1110 722 οὕτως
1133 646 1155 731 ἡ

106 757 204 818 ὒΓΔ
225 753 308 838 πρὸς
331 753 391 835 τὴν
412 756 488 816 ΚΛ.
525 754 644 836 μείζων
667 748 704 816 δὲ
726 753 832 837 ᾑΕΛ
855 762 913 836 τῆς
929 758 1010 817 EA·
1034 757 1155 838 μείζων

141 862 206 944 ίίρα
229 857 283 924 καὶ
307 857 326 941 ἡ
350 863 419 923 ΚΛ
441 868 498 942 τῆς
522 862 591 923 ΓΔ.

208 986 238 1051 6.
267 982 344 1050 Ὑπὸ
367 986 531 1050 πλειόνων
554 986 664 1062 ὄψεων
686 1008 716 1069 p.
735 985 765 1068 4,
786 984 842 1068 21]
867 986 897 1049 εί
918 981 955 1049 δὲ
977 984 1043 1049 ὑπὸ
1064 990 1155 1050 πλει-

142 1093 231 1157 όνων
254 1093 377 1174 ὄψεων,
400 1089 455 1156 καὶ
478 1091 543 1156 ὑπὸ
566 1093 730 1157 πλειονων
753 1102 895 1173 γωνιῶν.

210 1219 238 1281 7.
273 1215 328 1281 'Ev
359 1225 404 1304 τῷ
435 1213 554 1299 μεταξὺ
588 1218 781 1301 διαστήματι
814 1240 844 1300 p.
873 1217 909 1302 6,
935 1215 970 1301 2]
1002 1215 1155 1283 τουτέστι

91 1336 124 1385 10
142 1335 209 1390 τῶν
237 1327 305 1388 ΒΓ
330 1320 385 1388 καὶ
412 1327 479 1388 BA
511 1321 564 1388 ἐπὶ
591 1325 632 1388 τὰ
659 1326 848 1409 ἔμπροσθεν
876 1324 921 1399 ῶς
947 1325 1030 1410 πρὸς
1056 1325 1094 1390 τὸ
1122 1327 1159 1388 K

143 1429 339 1519 ἐρχομένων.

209 1559 239 1624 8.
275 1556 408 1621 Οὐκοῦν
434 1557 518 1641 πρὸς
544 1557 581 1619 τὸ
605 1559 640 1619 K
664 1579 694 1640 p.
714 1556 748 1640 6,
772 1554 807 1640 3]
834 1566 903 1620 τῶν
929 1557 992 1640 γὰρ
1021 1556 1164 1620 διαστάη

143 1682 227 1730 σεων
246 1662 266 1746 ἢ
284 1668 412 1747 μᾶλλον
430 1662 643 1728 ἀποστάσεων
660 1673 907 1749 προχωρουσῶν
925 1664 1016 1726 ἔσται
1029 1661 1152 1746 μεταξὺ

143 1772 315 1855 διάστημα,
339 1766 381 1837 οὗ
403 1770 441 1834 αί
460 1769 657 1844 ἀποστάσεις
680 1770 736 1834 διὰ
759 1770 796 1834 τὸ
820 1766 875 1833 ἀπ’
897 1767 1051 1850 ἀλλήλων
1074 1768 1155 1833 ἀπο-

90 1888 124 1936 15
143 1884 322 1962 σχισθῆναι
346 1877 406 1961 οὐχ
430 1877 580 1954 ἅψονται.
984 1869 990 1883 ’

209 2004 239 2067 9.
281 2004 415 2081 Μείζων
446 2000 484 2066 δὲ
515 2002 641 2088 πλευρὰ
673 2000 693 2084 ἡ
726 2005 790 2065 ΒΖ
821 2024 851 2085 p.
876 2001 910 2085 6,
938 1998 1001 2084 26]
1034 2003 1155 2097 μείζων

143 2109 300 2192 εὐλόγως·
332 2107 441 2195 ὀρθὴν
474 2110 536 2193 γὰρ
569 2108 749 2191 ὑποτείνει,
781 2107 801 2191 ἡ
834 2102 871 2170 δὲ
899 2111 964 2171 ZA
996 2106 1156 2173 ἐλάττονα

143 2216 262 2302 ὀρθῶς·
286 2217 325 2280 οὐ
345 2217 407 2301 γὰρ
427 2214 566 2303 ἐγχωρεῖ
586 2215 709 2291 πολλοῖς
727 2215 834 2301 ὀρθὰς
852 2208 938 2279 εἶναι
961 2212 997 2278 ἐν
1016 2211 1068 2279 ἑνὶ
1086 2237 1155 2301 τρι-

142 2324 253 2411 γώνῳ·
272 2323 415 2407 τῶνγὰρ
430 2325 595 2409 τρίγωνον
609 2323 667 2397 τὰς
680 2333 768 2408 τρεῖς
782 2325 904 2404 γωνίας
919 2318 1018 2385 δυσὶν
1032 2320 1156 2407 ὀρθαῖς

42 2512 51 2529 ·
89 2448 124 2497 20
144 2435 218 2507 ίσας
241 2432 314 2514 ἔχει.

212 2556 261 2620 10.
299 2552 366 2619 Καὶ
392 2554 412 2637 ἡ
436 2555 500 2619 ὑπὸ
526 2558 625 2619 ΖΒΕ
649 2576 679 2637 p.
701 2554 735 2638 6,
759 2551 816 2637 28]
848 2554 903 2618 διὰ
930 2554 967 2618 τὸ
996 2554 1044 2628 είς
1072 2574 1156 2639 παρ-

143 2664 307 2745 αλλήλους
333 2663 394 2745 τὴν
416 2665 480 2726 ΕΒ
508 2660 659 2744 ἐμπεσεῖν
686 2657 741 2724 καὶ
767 2668 902 2743 ποιῆσαι
929 2660 988 2736 τὰς
1015 2657 1156 2737 ἐναλλὰξ

143 2776 224 2845 ίσας.

212 2877 262 2940 11.
303 2876 437 2953 Μείζων
474 2877 538 2961 ίίρα
573 2874 759 2959 ὀφθήσεται
799 2896 830 2957 p.
859 2875 893 2959 8,
922 2872 959 2957 l]
1002 2873 1061 2938 διὰ
1097 2874 1157 2940 τὸν

90 2997 124 3045 25
143 2981 233 3068 ὅρον,
258 2982 309 3047 ὅτι
332 2983 371 3046 τὰ
393 2982 458 3047 ὑπὸ
482 2984 642 3066 μειζόνων
665 2993 797 3063 γωνιῶν
821 2980 980 3068 ὁρώμενα.

211 3107 261 3170 12.
295 3104 323 3170 ε’
346 3129 376 3190 p.
396 3108 431 3193 8,
453 3105 488 3190 5]
521 3104 634 3192 ἕτερον
666 3114 764 3170 τοῦτο
791 3114 852 3203 τοῦ
880 3102 1039 3192 δευτέρον
1066 3113 1155 3172 θεω-

180 3298 305 3424 ΗΒὝῩ.
380 3296 471 3356 pvb.
545 3303 569 3353 8.
589 3295 637 3353 Vb.
712 3305 735 3355 9.
755 3298 803 3354 Vb.
872 3305 913 3354 10.
932 3299 980 3353 V’.
1046 3305 1089 3354 11.
1109 3298 1158 3354 V2.

215 3556 238 3603 4.
260 3550 331 3621 ΛΚ]
351 3553 379 3603 K
395 3565 410 3602 e
429 3565 496 3603 corr.
