2424 3944
142 161 207 226 130
367 162 526 217 SGHOLIA
543 164 583 216 m
600 162 770 215 οοοτιοιε
790 162 928 214 epm.

140 317 201 373 τοῦ
220 304 358 394 κέντρου
378 307 573 372 ἀπόστασιν·
597 305 846 389 δειχθήσεται]
868 309 930 370 ΘΒ
953 313 993 390 τῇ
1012 308 1076 369 ΒΛ
1099 310 1159 388 ίση

140 412 197 479 καί
220 414 239 498 ἡ
264 417 334 479 ΚΓ
351 422 390 499 τῇ
415 417 483 478 ΓΛ.

207 540 259 603 21.
301 541 426 615 Μεῖζον
457 560 487 620 p.
517 539 572 622 14,
601 536 661 621 15]
701 537 745 613 ὡς
776 535 937 622 περιέχον.
992 533 1159 600 ’Ἐλαττον

141 668 172 729 p.
194 647 244 730 14,
267 642 320 727 16]
345 643 389 720 ὡς
411 645 653 730 περιεχόμενον.Ι

103 779 121 828 5
207 770 259 832 22.
289 765 356 832 Καὶ
376 768 420 844 ὡς
438 767 458 851 ἡ
478 772 543 833 ΑΒ
562 773 630 832 ιιτλ.
649 791 679 853 p.
701 769 751 849 14,
771 765 828 851 25]
854 767 1013 850 ἰσογώνια
1030 767 1096 852 χάρ
1116 768 1159 831 τὰ

36 896 43 909 ·
138 878 256 956 ΕΑΒ,
279 878 381 938 ΕΖΔ
408 877 567 959 τρίγωνα,
601 875 651 939 ὅτι
678 874 786 958 ηὑπὸ
809 877 910 938 ΕΛΖ
939 878 993 956 ίση
1022 871 1092 938 ἐστὶ
1116 883 1158 958 τῇ

139 980 205 1045 ὑπὸ
224 984 333 1045 ΕΒΑ·
358 978 545 1064 ἐμπέπτωκε
567 982 630 1067 χάρ
654 981 770 1045 εὐθεῖα
793 980 813 1063 ἡ
832 983 896 1044 ΕΒ
920 982 967 1055 είς
987 981 1158 1064 παραλλή-

139 1091 219 1162 λους
246 1087 305 1161 τάς
329 1089 403 1169 ΓΛ,
426 1091 506 1151 ΑΒ·
538 1084 593 1151 καὶ
620 1086 721 1151 πάλιν
748 1085 769 1169 ἡ
796 1085 862 1150 ὑπὸ
890 1090 993 1150 ΕΖΔ
1020 1095 1061 1171 τῇ
1088 1085 1156 1150 ὑπὸ

139 1191 270 1278 Ε[Α]Β
296 1192 415 1278 [ἐστιν]
440 1199 494 1277 ίση
523 1194 579 1257 διὰ
607 1194 668 1277 τὴν
691 1192 796 1276 αὐτὴν
819 1194 944 1275 αἰτίαν,
967 1191 988 1275 ἡ
1011 1187 1050 1256 δὲ
1072 1192 1159 1277 πρὸς

31 1296 36 1303 ’
84 1311 122 1362 10
140 1308 186 1386 τῷ
210 1304 242 1364 Ε
266 1302 361 1384 κοινὴ
390 1298 445 1365 καὶ
468 1298 676 1386 ἀμφοτέροις.
721 1310 789 1363 τῶν
815 1294 852 1362 δὲ
877 1300 1064 1380 ἰσογωνίων
1085 1322 1157 1383 τρι-

141 1407 260 1488 γώνων
284 1408 321 1470 αί
340 1405 416 1493 περὶ
439 1407 497 1482 τὰς
516 1412 589 1483 ίσας
612 1409 735 1488 γωνίας
753 1403 893 1489 πλευραὶ
912 1403 1079 1486 ἀνάλοχον
1098 1405 1157 1469 διὰ

139 1514 177 1577 τὸ
202 1510 235 1576 δ’
254 1521 314 1577 τοῦ
338 1511 370 1580 ς’
393 1524 461 1578 τῶν
484 1515 675 1595 Στοιχείων.
713 1511 758 1588 ὡς
776 1512 796 1595 ἡ
816 1515 881 1575 ΑΒ
906 1508 967 1577 οὖν
986 1511 1070 1597 πρὸς
1092 1512 1156 1594 τὴν

140 1623 220 1703 ΒΕ,
247 1618 268 1702 ἡ
298 1624 363 1684 ΖΔ
389 1621 472 1705 πρὸς
499 1621 560 1703 τὴν
588 1623 672 1683 ΛΕ·
701 1616 757 1683 παὶ
786 1615 938 1701 ἐναλλάξ,
971 1617 1016 1694 ὡς
1043 1616 1064 1700 ἡ
1088 1621 1156 1682 ΑΒ

140 1727 224 1813 πρὸς
246 1727 307 1810 τὴν
327 1731 402 1809 ΖΛ,
426 1725 446 1809 ἡ
466 1730 532 1790 ΒΕ
552 1727 635 1812 πρὸς
657 1727 719 1810 τὴν
737 1730 820 1789 ΛΕ·
845 1725 924 1811 ὅπερ
949 1724 1016 1789 ἔδει
1040 1721 1155 1801 δεῖξαι.

87 1865 122 1914 15
198 1851 259 1914 23.
297 1853 371 1915 Τῶν
394 1852 470 1934 ΑΓ,
488 1855 555 1913 ΑΛ
576 1873 607 1934 p.
629 1850 680 1935 18,
701 1848 756 1933 10]
781 1849 936 1932 δηλονότι
960 1847 1116 1914 ἀκτίνων.

209 1974 260 2039 24.
297 1977 404 2038 Κοῖλα
428 1976 609 2058 φανήσεται
636 1997 668 2058 p.
694 1972 826 2058 18,14]
854 1981 915 2037 τοῦ
940 1971 1157 2059 πορρωτέρον

143 2080 248 2166 ἀκρον
270 2079 511 2166 μετεωροτέρον
535 2078 751 2164 φαινομένου.

207 2203 260 2268 25.
290 2201 346 2280 Ὡς
367 2206 513 2290 πόρισμα
536 2212 634 2269 τοῦτο
657 2202 791 2286 έπάχειν
814 2205 913 2269 δοκεῖ.

210 2330 261 2394 26.
299 2331 537 2414 Ταπεινότερον
556 2330 711 2412 φαίνεται
733 2351 764 2413 p.
779 2329 832 2414 20,
853 2327 886 2413 1]
909 2325 964 2393 καὶ
988 2328 1054 2414 χάρ
1077 2329 1157 2414 πρά

87 2450 124 2500 20
142 2458 269 2521 χειρον,
302 2436 353 2501 ὅτι
383 2437 424 2500 τά
456 2435 521 2500 ὑπὸ
553 2432 795 2520 ταπεινοτέρων
827 2434 970 2500 ἀκτίνων
1004 2433 1157 2521 ὁρώμενα

141 2544 356 2628 ταπεινότερα
379 2545 541 2627 φαίνεται.

210 2668 262 2731 27.
295 2670 435 2746 Μείζονι
456 2690 487 2751 p.
508 2665 636 2751 24,13]
660 2668 784 2749 μείζονι
807 2662 1006 2750 ὑπερφέρον.

210 2793 262 2856 28.
284 2789 359 2856 Ἴσα
382 2790 536 2873 ἀλλήλοις
558 2792 712 2874 φαίνεται
735 2812 766 2873 p.
786 2789 841 2873 24,
862 2786 919 2871 20]
946 2788 1003 2852 (1ιά
1025 2789 1158 2874 πάἀνην

140 2899 203 2981 τὴν
226 2906 284 2981 τῆς
307 2896 422 2975 ὅψεως.

86 3036 124 3086 25
210 3024 262 3087 29.
295 3020 405 3109 Μέχρι
429 3031 488 3086 τοῦ
511 3027 544 3085 Δ
572 3019 716 3105 ὄμματος
738 3019 769 3104 p.
794 3020 846 3103 28,
871 3019 905 3103 2]
930 3019 975 3096 ὡς
1002 3020 1158 3086 κάτωθεν

144 3139 202 3212 τῆς
225 3128 365 3204 ἀκτῖνος.

215 3291 257 3340 21.
277 3283 318 3340 Vb
338 3303 422 3355 supra
442 3303 491 3340 scr.
575 3290 617 3340 22.
636 3282 684 3338 Vb.
767 3289 809 3337 23.
829 3280 959 3338 v²vat.¹.
1044 3290 1088 3339 24.
1108 3284 1157 3340 Vb.

179 3362 221 3412 25.
240 3357 286 3412 V'.
360 3363 401 3412 26.
421 3355 469 3412 Vb.
543 3361 585 3410 27.
604 3352 653 3410 Vb.
721 3361 763 3410 28.
783 3355 831 3410 Vb.
905 3359 946 3408 29.
966 3353 1015 3410 Vb.

152 3458 356 3467 .-..-.-—.—-—

216 3521 257 3570 13.
277 3517 349 3587 ΔΕ]
368 3520 428 3570 ΑΕ.
503 3522 544 3571 15.
564 3513 685 3571 ἀκτίνων
706 3513 835 3585 δηλονότι
852 3515 939 3570 171181.

67 3652 136 3704 Β
