2424 3944
136 158 201 223 296
540 161 771 214 CATOPPRIOA.

136 306 261 369 κείσθω
286 300 324 369 δὲ
347 302 400 369 ἐπὶ
423 313 480 388 τῆς
502 308 714 390 περιφερείας
735 305 851 388 αὐτοῦ,
873 303 929 369 καὶ
951 304 1016 370 ἀπὸ
1038 314 1100 369 τοῦ
1119 309 1147 369 Β

135 410 430 494 προσπιπτέτωσαν
458 413 550 489 ὄψεις
577 413 614 475 αί
639 415 716 495 ΒΓ,
739 416 802 476 BA
834 410 1063 496 ἄνακλώμεναι
1097 410 1150 476 ἐπὶ

137 518 177 581 τὰ
195 524 238 601 Δ,
252 523 284 581 Ε
305 530 429 602 σημεῖα.
467 516 536 583 έπεὶ
558 522 668 602 μεῖζον
692 519 729 583 τὸ
749 522 849 583 ΑΓΒ
872 527 980 603 τμῆμα
1004 527 1065 582 τοῦ
1086 520 1155 582 ΒΓ

136 627 311 709 τμήματος,
334 629 451 709 μείζων
473 624 494 707 ἡ
519 629 546 690 Ζ
569 629 674 707 γωνία
697 635 754 708 τῆς
779 629 808 689 Θ
830 627 962 708 γωνίας.
999 622 1055 689 καὶ
1075 625 1095 708 ἡ
1115 629 1154 689 Η

102 732 202 816 οόρα
224 741 282 814 τῆς
304 734 338 794 K
362 735 490 816 μείζων.
536 734 572 796 αι’
596 734 660 817 ἄρα
685 736 726 814 Ζ,
746 736 785 796 H
807 743 874 797 τῶν
899 737 942 815 Θ,
960 734 997 795 Κ
1020 735 1150 816 μείζους

137 841 231 902 είσίν.
267 839 364 920 λοιπή
388 839 453 923 ὄρα
475 838 495 920 ή
514 842 546 902 A
568 848 626 921 τῆς
644 843 689 902 Μ
707 838 868 902 ἐλάσσων·
891 843 1003 926 πολλῷ
1022 843 1150 922 μᾶλλον

138 946 201 1030 ἄρα
219 953 277 1027 τῆς
295 948 338 1008 Ν.
376 953 621 1028 συμπεσοῦνται
641 946 705 1030 ὄρα
724 946 762 1008 αί
778 947 850 1028 ΓΛ,
864 949 933 1008 ΑΕ
954 946 1037 1009 κατὰ
1057 946 1094 1009 τὸ
1114 944 1149 1019 Ξ.

138 1051 260 1135 ὁμοίως
283 1052 508 1134 δειχθήσεται,
535 1050 598 1115 κᾶν
622 1051 713 1127 ἐκτὸς
736 1060 794 1134 τής
815 1054 1026 1138 περιφερείας
1049 1054 1150 1136 πίπτή

138 1158 174 1222 τὸ
198 1159 296 1242 ὄμμα,
319 1158 364 1233 ὡς
387 1155 439 1221 ἐπὶ
463 1166 522 1222 τοῦ
546 1155 618 1241 ἑξῆς
640 1160 864 1243 θεωρήματος.

84 1372 118 1421 ιο
621 1351 664 1421 ς’.

204 1475 259 1542 Ἐν
280 1489 351 1553 τοῖς
373 1481 498 1554 κοίλοις
521 1477 693 1562 ε’νόπτροις
716 1477 776 1542 ἐὰν
798 1476 862 1542 ίινὰ
880 1475 982 1561 μέσον
1000 1485 1061 1541 τοῦ
1080 1475 1152 1542 κέν-

137 1607 219 1669 τρον
242 1582 298 1648 καὶ
321 1593 379 1667 τῆς
401 1587 610 1668 περιφερείας
632 1590 699 1669 θῇς
721 1584 758 1648 τὸ
782 1585 884 1668 ὄμμα,
907 1580 961 1648 ὁτὲ
984 1580 1046 1667 μὲν
1069 1601 1150 1668 συμ-

137 1699 317 1775 πεσοῦνται
328 1693 365 1755 αί
377 1692 469 1768 ὄψεις
479 1690 718 1774 ἀνααλώμεναι,
733 1687 787 1755 ὁτὲ
798 1687 834 1754 δέ
844 1690 883 1754 οὐ
895 1699 1151 1774 συμπεσοῦνται.

206 1801 287 1862 ἔστω
316 1793 478 1882 ἔνοπτρον
505 1802 619 1861 κοίλου
647 1798 684 1862 τὸ
707 1800 787 1879 ΑΓ,
819 1795 958 1881 κέντρον
986 1792 1023 1861 δέ
1047 1796 1150 1861 αὐτοῦ

87 1923 119 1972 15
140 1905 177 1969 τὸ
201 1909 248 1986 Δ,
276 1906 364 1988 ὄμμα
388 1900 424 1968 δὲ
446 1908 571 1968 κείσθω
595 1904 631 1967 τὸ
655 1908 684 1967 Β
707 1901 827 1987 μεταξὺ
850 1912 910 1967 τοῦ
933 1900 1074 1989 κέντρου
1096 1900 1151 1968 καὶ

139 2019 196 2092 τῆς
214 2013 434 2095 περιφερείας,
458 2011 550 2087 ὄψεις
569 2006 606 2075 δὲ
625 2012 662 2074 αί
677 2014 750 2093 ΒΑ,
765 2013 833 2074 ΒΓ
851 2009 1080 2094 ἀνααλώμεναι
1100 2008 1152 2075 ἐπὶ

138 2117 178 2180 τίι
206 2120 256 2198 Η,
277 2121 318 2199 Ζ,
350 2114 405 2180 καὶ
433 2116 710 2199 ἐκβεβλήσθωσαν
737 2118 775 2181 αί
800 2118 893 2194 ὄψεις
922 2116 983 2192 ἕως
1010 2125 1072 2181 τοῦ
1101 2116 1151 2182 έν-

139 2225 263 2307 ὄπτρου
282 2225 319 2286 αί
335 2227 412 2305 ΑΘ,
428 2225 500 2286 ΓΚ.
537 2222 557 2304 ή
577 2228 645 2287 ΑΘ
664 2225 705 2306 δή
725 2231 782 2306 τῆς
801 2226 867 2286 ΓΚ
883 2221 903 2306 ή
922 2227 1041 2307 μείζων
1061 2221 1151 2289 ἐστὶν

140 2328 159 2412 ἢ
185 2336 238 2411 ίσή
262 2328 282 2411 ή
307 2329 463 2393 ἐλάσσων.
509 2331 541 2393 εί
564 2335 626 2412 μὲν
653 2325 716 2395 οὖν
740 2336 794 2411 ίσή
818 2327 908 2395 ἐστὶν
935 2328 955 2411 ἡ
979 2335 1012 2393 A
1020 2334 1050 2394 Θ
1077 2331 1152 2407 ὄψις

86 2454 120 2502 20
139 2446 178 2521 τῇ
193 2439 260 2500 ΓΚ
276 2438 360 2519 ὄψει,
385 2441 438 2518 ίσή
457 2433 525 2500 ἐστὶ
544 2434 599 2500 καὶ
618 2437 754 2519 ήΑΓΘ
776 2435 968 2521 περιφέρεια
991 2446 1031 2522 τή
1052 2439 1154 2501 ΓΘΚ

138 2546 337 2630 περιφερείᾳ.
384 2543 467 2608 ὥστε
490 2540 544 2606 καὶ
567 2541 587 2624 ἡ
611 2547 656 2606 Μ
677 2545 782 2625 γωνία
805 2551 844 2627 τῇ
869 2541 911 2616 Ξ·
939 2544 977 2607 αί
997 2543 1061 2629 γὰρ
1085 2554 1153 2608 τῶν

140 2656 221 2714 ίσων
244 2661 463 2734 περιφερειῶν
485 2653 604 2732 γωνίαι
629 2655 696 2712 ίσαι
719 2646 804 2713 είσὶν
828 2649 993 2731 ἀλλήλαις.
1038 2647 1094 2713 καὶ
1117 2651 1154 2713 αί

139 2762 188 2838 Μ,
207 2760 238 2820 A
261 2758 379 2838 γωνίαι
402 2757 466 2841 ἄρα
489 2768 560 2831 ταῖς
583 2760 627 2838 Ν,
647 2755 677 2828 Ξ
701 2756 787 2819 εἰσιν
811 2760 879 2820 ίσαι
906 2755 962 2820 διὰ
985 2757 1048 2839 τὴν
1071 2755 1149 2821 ἀνοί-

212 2956 234 3004 1.
259 2946 307 3020 δέ]
331 2964 384 3001 om.
403 2947 440 3001 M.
532 2953 555 3002 3.
580 2947 648 3002 Post
672 2944 731 3001 ἐπεί
755 2947 819 3002 add.
842 2943 893 3003 οῦν
916 2966 957 3016 m,
986 2967 1023 3003 m.
1043 2964 1098 3003 rec.
1117 2948 1149 3003 V.

175 3018 272 3090 μείζων
290 3038 315 3074 v.
377 3017 485 3072 Deinde
505 3018 568 3073 add.
590 3018 663 3073 ἐστιν
682 3037 718 3087 ιιι,
737 3037 773 3074 m.
792 3035 846 3073 rec.
865 3018 899 3074 V.
973 3023 1029 3072 ΒΓ
1044 3019 1149 3089 τμήμα-

139 3094 197 3164 τος]
216 3093 407 3159 αῦαλουματος
420 3090 457 3144 M.
517 3095 541 3144 4.
560 3090 629 3144 Post
642 3087 741 3158 μείζων
756 3090 821 3145 add.
837 3087 911 3145 ἐστίν
929 3108 964 3144 m.
980 3096 996 3143 2
1010 3108 1048 3146 m.
1104 3088 1150 3146 καί

141 3197 173 3203 -
193 3171 217 3218 5.
242 3161 353 3232 μείζων]
377 3159 425 3214 διὰ
449 3159 484 3213 τὰ
507 3159 579 3214 αὐτὰ
598 3161 633 3230 δή
657 3162 705 3214 καὶ
723 3161 741 3230 ἡ
762 3165 823 3214 ΚΗ
845 3165 922 3231 (corr.
942 3160 973 3214 in
992 3166 1020 3215 K
1042 3171 1091 3231 τῆς
1111 3166 1150 3231 Η)

140 3233 238 3303 μείζων
259 3231 332 3288 ἐστίν
350 3249 385 3286 m.
461 3239 483 3284 4.
506 3236 534 3284 H
567 3234 636 3287 mut.
651 3231 682 3284 in
700 3236 728 3285 K
744 3250 780 3286 m.
800 3248 854 3287 rec.
875 3249 959 3301 supra
980 3249 1031 3288 ser.
1052 3232 1148 3288 διὰτὸ

140 3316 251 3374 πρῶτον
267 3304 306 3371 V;
331 3308 360 3357 H
377 3300 426 3356 διὰ
444 3310 492 3370 τῆς
510 3323 529 3355 α
562 3304 621 3358 Mv.
705 3309 729 3358 ὅ.
750 3303 806 3371 ἄρα
821 3304 895 3374 (pr.)]
915 3303 968 3357 del.
988 3322 1024 3358 m.
1045 3321 1099 3360 ree.
1118 3305 1150 3359 V.

176 3383 202 3430 K
217 3377 294 3446 (pr.)]
314 3375 382 3429 mut,
401 3373 432 3425 in
452 3378 481 3425 H
502 3391 537 3427 m.
558 3391 610 3428 rec.
631 3375 663 3428 V.
750 3373 819 3428 Post
837 3372 936 3442 μείζων
955 3375 1020 3429 add.
1041 3374 1099 3429 ἐστί
1116 3395 1149 3429 m.

139 3466 192 3503 rec.
212 3449 245 3502 V.
322 3451 351 3512 Z,
367 3446 410 3516 H]
432 3447 483 3497 ΖΕ
501 3445 539 3513 Μ,
561 3448 590 3498 et
608 3445 641 3513 V,
661 3462 729 3499 corr.
749 3463 785 3500 m.
806 3452 835 3512 13
862 3449 915 3499 ZK
931 3463 967 3515 m,
986 3464 1023 3501 m.
1043 3464 1097 3502 ιεο.
1117 3447 1148 3502 V.

175 3520 242 3589 τῶν]
262 3525 310 3586 τῆς
328 3517 365 3571 Μ.
440 3518 473 3582 Θ,
488 3518 529 3586 Κ]
548 3519 617 3571 mut.
637 3517 667 3568 in
687 3519 720 3584 Θ,
736 3520 766 3570 Η
782 3535 818 3570 m.
833 3533 887 3572 rec.
897 3516 930 3571 V.
1004 3523 1028 3572 6.
1049 3516 1102 3572 εἰσί
1114 3519 1149 3572 Μ.
