2424 3944
153 167 198 232 64
493 169 663 220 υυοιιοιε
681 168 820 221 ονειοι.

153 325 221 378 τῶν
244 317 316 397 ΓΖ,
341 317 406 377 ΖΛ
433 311 524 376 ἐστιν
551 311 649 398 ὀρθή.
694 313 732 375 αἴ
756 307 794 376 δέ
820 308 923 397 ὀρθαὶ
951 316 1036 394 ἴσαι,
1063 310 1104 375 τά
1126 307 1162 375 δὲ

152 419 218 484 ὑπὸ
242 426 325 484 ἴσων
347 430 480 501 γωνιῶν
498 418 650 505 ὁρώμενα
669 423 725 483 ἴσα
743 421 905 501 φαίνεται.
943 424 998 501 ἴση
1017 420 1082 505 άρα
1100 443 1162 504 φα-

152 527 286 609 νήσεται
308 523 364 588 καὶ
386 524 406 607 ἡ
430 529 496 589 ΑΒ
519 535 559 610 τῇ
583 528 652 589 ΓΛ.

219 631 302 696 ἀλλὰ
325 631 367 714 δὴ
389 631 410 714 ἡ
434 637 466 695 Α
473 635 500 694 Ζ
526 633 606 715 μήτε
629 637 684 713 ἴση
707 635 789 696 ἔστω
817 642 857 718 τῇ
882 630 918 696 ἐκ
939 640 1001 696 τοῦ
1023 629 1161 718 κέντρου

117 741 232 821 σμητε
262 739 346 822 πρὸς
372 737 479 824 ὀρθάς
509 747 556 825 τῷ
587 747 648 803 τοῦ
674 739 799 803 κύκλου
831 737 989 826 ἐπιπέδῳ,
1024 745 1097 815 ἴσας
1127 735 1162 803 δὲ

152 848 275 927 γωνίας
305 849 438 909 ποιείτω
471 846 529 920 τὰς
556 844 622 909 ὑπὸ
650 851 717 909 ΛΑ
724 849 766 928 Ζ,
791 848 894 910 ΖΑΓ
920 844 976 909 καὶ
1008 845 1068 922 τάς
1098 844 1160 910 ὑπὸ

151 957 262 1035 ΕΑΖ,
287 955 394 1015 ΖΑΒ.
440 948 539 1034 λέγω,
562 951 613 1016 ὅτι
635 949 691 1015 καὶ
713 951 820 1027 οὕτως
843 953 880 1016 αί
900 951 1071 1038 διάμετροι
1096 958 1161 1017 ἴσαι

152 1059 475 1142 φανήσονταιαίποι-

152 1174 250 1229 οῦσαι
259 1165 318 1241 τάς
328 1170 401 1240 ἴσας
414 1187 474 1247 γω-

100 1284 135 1333 10
152 1275 235 1348 νίας.

219 1377 288 1443 ἐπεὶ
315 1379 378 1461 γάρ
405 1383 473 1442 ἴσαι

151 1483 236 1551 είσῖν
262 1485 299 1549 αἴ
318 1482 380 1569 μέν
403 1487 435 1548 Γ
431 1489 473 1566 Α,

152 1597 218 1657 Az
232 1596 473 1675 ιαιςΖΑ,ΑΛ,

152 1700 189 1764 αί
223 1696 260 1764 δέ
296 1704 377 1782 ΒΑ,
407 1704 439 1762 Α
445 1702 473 1762 Ζ

100 1821 133 1870 15
151 1818 223 1882 ταῖς
239 1810 309 1889 ΖΑ,
323 1810 399 1889 ΑΕ,
418 1803 473 1869 καὶ

151 1915 189 1978 αί
231 1915 350 1995 γωνίαι
394 1917 473 1994 ἴσαι,

151 2019 247 2102 βάσις
265 2020 329 2105 άρα
343 2019 363 2102 ἡ
377 2025 411 2083 Δ
419 2023 446 2082 Ζ
463 2017 558 2101 βάσει
571 2029 611 2105 τῇ
628 2023 694 2085 ΖΓ
707 2026 760 2104 ἴση
776 2019 878 2086 ἐστίν·
898 2022 980 2086 ὥστε
994 2020 1051 2086 καὶ
1064 2021 1084 2105 ἡ
1097 2021 1160 2088 ὑπὸ

151 2128 251 2188 ΔΖΑ
275 2131 329 2207 ἴση
352 2133 391 2210 τῇ
414 2125 479 2190 ὑπὸ
503 2129 612 2190 ΑΖΓ.
648 2126 769 2211 ὁμοίως
791 2129 833 2212 δὴ
857 2126 1016 2212 δείξομεν,
1040 2130 1090 2195 ὅτι
1109 2127 1162 2195 καὶ

152 2229 260 2312 ἡὺπὸ
283 2235 385 2295 ΕΖΑ
408 2237 462 2315 ἴση
486 2230 554 2296 ἐστὶ
577 2241 616 2317 τῇ
638 2231 704 2299 ὑπὸ
727 2238 837 2299 ΑΖΒ.
884 2235 943 2318 ὅλη
966 2237 1031 2322 άρα
1054 2235 1075 2318 ἡ
1098 2237 1160 2303 ὑπὸ

99 2353 133 2402 20
151 2342 251 2401 ΔΖΒ
280 2343 334 2421 ἴση
363 2336 431 2402 έστῖ
459 2347 498 2423 τῇ
520 2338 585 2404 ὑπὸ
608 2343 714 2405 ΕΖΓ.
761 2340 921 2407 ὥστεκαὶ
944 2343 982 2407 αἴ
1002 2347 1083 2428 ΔΒ,
1100 2345 1165 2409 ΕΓ

151 2444 320 2530 διάμετροι
343 2450 412 2509 ἴσαι
435 2447 651 2530 φανήσονται.

629 2641 687 2707 λε’.

214 2761 290 2828 Ἐάν
317 2760 354 2828 δὲ
381 2763 402 2846 ἡ
430 2764 494 2829 άπὸ
521 2775 581 2830 τοῦ
604 2769 749 2851 ὄμματος
775 2770 859 2856 πρὸς
881 2771 918 2834 τὸ
940 2769 1082 2858 κέντρον
1104 2781 1161 2838 τοῦ
1202 2780 1204 2791 “

150 2871 275 2936 κύκλου
296 2874 548 2957 προσπίπτουσα
570 2876 650 2957 μήτε
672 2876 755 2961 πρὸς
777 2875 885 2961 ὀρθάς
905 2871 927 2964 ᾗ
948 2887 995 2964 τῷ
1019 2877 1160 2969 ἐπιπέδῳ
1202 2952 1204 2961 ,

98 2992 132 3041 25
151 2986 210 3041 τοῦ
241 2978 366 3042 κύκλου
398 2980 478 3062 μήτε
509 2989 549 3065 τῇ
577 2979 612 3044 έκ
638 2991 699 3045 τοῦ
726 2980 866 3070 κέντρου
900 2991 953 3068 ἴση
981 2988 1064 3070 μήτε
1091 2994 1162 3065 ἴσας

150 3088 273 3167 γωνίας
298 3084 508 3171 περιέχουσα,
541 3088 578 3151 αἴ
607 3088 776 3173 διάμετροι
807 3091 917 3156 άνισοι
944 3095 1161 3179 φανήσονται,

150 3192 233 3276 πρὸς
256 3190 295 3268 ἃς
316 3203 407 3256 ποιεῖ
426 3191 564 3268 ἀνίσους
586 3196 717 3274 γωνίας.

150 3453 177 3507 V
223 3383 557 3474 1.v62v]0131.Vat.jm.
650 3389 718 3460 ΖΔ]
748 3389 843 3480 ΖάοΙ.
864 3391 897 3446 V.
988 3392 1067 3464 ὀρθή
1091 3394 1162 3450 ἐστιν

149 3455 285 3596 τδδςῄιδπά]
309 3460 345 3577 ἰδ’
357 3454 690 3595 ίίιεγδίητὰῗδίτάνδδο.
710 3461 845 3601 μηδαμά
859 3462 995 3589 &XM
1016 3543 1041 3592 7.
1065 3466 1162 3609 άδτδζδ
