2424 3944
304 139 514 193 orricoauu
531 141 709 194 saeuusro
728 143 893 195 ruscius.
1036 141 1101 204 231

93 286 214 367 puncto
234 282 419 368 collocetur,
437 287 470 348 et
489 283 637 348 adeidant
655 287 731 368 ΑΒ,
745 288 820 369 ΒΚ,
838 287 972 351 ducatur
991 291 1100 352 autem

96 393 171 453 ΣΛ.
208 389 318 473 itaque
342 396 363 465 l,
380 393 410 452 Φ
425 420 467 442 =
482 394 530 473 Σ;
552 412 628 454 nam
645 390 681 453 in
699 392 811 456 eodem
831 396 998 478 segmento
1017 398 1101 458 sunt.

93 499 126 558 et
151 501 170 569 l,
184 500 219 559 Σ
229 507 263 567 >
278 499 323 581 Β,
347 518 443 579 quare
467 496 565 560 etiam
588 504 610 571 L
627 500 657 559 Φ
672 507 706 570 >
721 502 758 562 Β.
802 520 879 584 ergo
903 502 972 563 ΚΛ
994 500 1099 565 maius

93 601 261 684 adparebit
286 602 378 667 oculo
401 603 436 666 in
461 607 488 665 Z
510 602 618 686 posito
640 626 739 688 quam
761 604 797 667 iu
820 609 856 668 Β.

571 853 623 917 44.

161 989 248 1056 Idem
277 996 386 1057 autem
415 992 543 1058 eueniet
570 994 683 1077 etiam,
710 993 766 1057 ubi
789 997 892 1080 recta,
919 1017 977 1078 per
1004 1018 1100 1079 quam

93 1098 205 1163 oculus
216 1104 372 1184 mouetur,
382 1099 609 1185 magnitudini,
623 1121 704 1183 quae
716 1100 867 1186 cernitur,
876 1102 1032 1185 parallelo
1042 1106 1100 1167 est.

162 1204 205 1269 sit
224 1205 309 1271 enim
328 1210 396 1272 ΒΓ
413 1206 640 1292 magnitudini,
664 1229 745 1291 quae
768 1208 920 1291 cernitur,
942 1213 975 1273 Δ
982 1213 1009 1272 Ζ
1030 1231 1102 1293 par·

92 1312 201 1397 allela,
234 1317 266 1376 et
293 1314 328 1376 in
355 1317 390 1377 K
418 1317 508 1377 recta
535 1319 569 1377 Δ
576 1318 603 1377 Ζ
633 1313 669 1378 in
701 1315 780 1379 duas
812 1319 922 1399 partes
951 1317 1100 1399 aequales

92 1423 234 1504 secetur,
260 1420 533 1504 perpendicularis
558 1425 667 1485 autem
693 1421 838 1506 erigatur
861 1424 940 1486 KN.
988 1422 1100 1487 oculus

658 1526 761 1612 igitur
787 1527 823 1590 in
851 1531 891 1591 N
918 1529 1102 1614 collocetur,

659 1633 878 1717 ducanturque
915 1638 996 1720 ΝΔ,
1022 1639 1101 1720 ΝΖ,

640 1738 779 1803 ¹circum
802 1743 870 1803 ΔΖ
899 1745 1008 1805 autem
1032 1763 1101 1827 seg-

683 1849 828 1909 mentum
860 1846 1072 1933 describatur,

657 1951 743 2034 quod
777 1951 932 2037 angulum
967 1956 997 2015 Φ
1013 1955 1052 2034 -Ι-
1069 1959 1101 2017 A

657 2057 771 2140 capiat.
791 2057 858 2122 iam
867 2057 1020 2140 quoniam
1030 2063 1105 2123 KN

536 2205 559 2256 Z
657 2162 833 2229 diametrus
847 2169 906 2249 est,
924 2169 957 2229 et
975 2165 1016 2230 ad
1030 2169 1106 2230 KN

657 2270 930 2355 perpendicularis
968 2271 1004 2335 in
1039 2276 1102 2336 ter-

89 2375 180 2439 mino
204 2379 311 2440 erecta
334 2382 384 2441 est
405 2380 477 2462 ΒΓ,
500 2381 704 2463 segmentum
721 2381 798 2442 AN
801 2381 828 2440 Z
850 2377 1011 2462 contingit
1029 2382 1100 2443 ΒΓ.

88 2483 158 2546 iam
181 2483 292 2548 oculus
317 2484 356 2547 ad
379 2490 413 2548 P
436 2487 680 2568 transponatur,
709 2487 741 2547 et
764 2483 914 2548 adoidant
938 2486 1012 2568 ΓΖ,
1032 2486 1101 2570 ΓΛ,

89 2589 291 2673 ducaturque
305 2592 374 2652 PZ.
402 2589 513 2672 itaque
529 2595 550 2664 L
563 2592 593 2651 Φ
605 2592 644 2670 -l-
656 2594 689 2652 A
698 2618 740 2641 =
751 2591 786 2652 P.
814 2610 926 2652 uerum
945 2593 1044 2665 LP>
1055 2595 1101 2676 Σ,

90 2717 189 2780 quare
213 2695 313 2758 etiam
336 2701 357 2770 L
375 2699 405 2758 Φ
421 2697 460 2776 -Ι-
477 2700 509 2758 Α
526 2705 560 2768 >
576 2699 615 2759 Σ.
667 2716 747 2777 quae
775 2700 883 2759 autem
911 2697 951 2760 ab
980 2697 1099 2781 angulo

89 2801 213 2866 maiore
232 2805 413 2880 cernuntur,
437 2799 561 2864 maiora
580 2800 736 2884 adparent
754 2799 829 2884 [def.
844 2800 894 2888 4];
917 2823 1014 2886 quare
1032 2808 1065 2866 Δ
1071 2807 1099 2866 Ζ

89 2908 196 2972 maius
219 2907 387 2991 adparebit
411 2906 503 2972 oculo
526 2906 562 2970 in
583 2911 623 2971 N
640 2905 748 2991 posito
773 2931 870 2993 quam
892 2908 928 2973 in
948 2912 983 2973 Γ.
1020 2930 1098 2995 ergo

88 3014 119 3080 si
139 3014 250 3078 oculus
268 3036 326 3097 per
340 3017 369 3077 Β
380 3017 408 3080 Γ
421 3012 639 3100 magnitudini
653 3018 687 3078 A
692 3018 719 3077 Z
737 3015 926 3100 parallelam
940 3019 1100 3101 mouetur,

89 3121 177 3205 quod
202 3120 355 3207 cernitur,
376 3120 544 3204 inaequale
568 3120 711 3205 adparet.

940 3302 1100 3311 ———.

125 3427 168 3558 ,1ζί
192 3419 447 3494 προβεβλήσθωσαν
470 3419 549 3488 va.
642 3424 682 3476 19.
707 3415 763 3472 ἐστί
786 3437 813 3488 p.
903 3425 946 3475 20.
974 3418 1098 3494 μείζονα]

87 3512 123 3564 με
150 3515 209 3549 uua
227 3512 252 3548 r.
