2424 3944
127 182 169 245 12
470 184 640 236 EUOLIDIS
660 183 798 236 OPTIOA.

198 453 246 516 Τὰ
278 449 332 516 ἐπὶ
364 459 422 533 της
449 449 550 534 αὐτῆς
582 450 716 526 εὐθείας
748 450 829 514 ὄντα
862 455 918 514 ίσα
944 447 1069 534 μεγέθη
1097 452 1143 535 μὴ

126 557 242 643 ἐφεξῆς
274 557 429 640 ἀλλήλοις
456 555 596 622 τεθέντα
627 554 683 622 καί
711 557 829 622 ἄνισον
857 558 1050 640 διεστηκότα
1081 566 1144 622 τοῦ

126 667 270 749 ὄμματος
293 666 392 729 ἄνισα
416 667 579 747 φαίνεται.

90 782 106 829 σ
193 773 274 835 ἔστω
304 771 367 835 δύο
391 777 446 836 ίσα
468 769 592 855 μεγέθη
616 770 656 834 τὰ
679 774 761 854 ΑΒ,
786 773 848 835 ΓΔ
876 767 929 835 ἐπὶ
956 779 1014 853 τῆς
1040 770 1146 854 αὐτῆς

125 876 259 953 εὐθείας
281 886 339 960 τῆς
362 883 429 942 ΑΔ
455 880 499 962 μὴ
523 875 640 962 ἐφεξῆς
663 875 818 960 ἀλληλοις
840 877 921 942 ὄντα
943 875 999 942 καὶ
1022 879 1144 942 ἄνισον

125 984 318 1066 διεστηκότα
338 983 401 1049 ἀπὸ
420 993 480 1049 τοῦ
499 987 643 1069 ὄμματος

124 1098 185 1154 τοῦ
208 1094 248 1173 Ε,
271 1088 326 1155 καὶ
347 1089 643 1176 προσπιπτέτωσαν

126 1409 225 1495 λέγω,
259 1410 311 1476 ὅτι
341 1410 361 1493 ἡ
396 1413 456 1475 ΓΔ
487 1419 545 1494 τῆς
576 1416 642 1476 ΑΒ

125 1521 243 1603 μείζων
281 1519 472 1602 φανήσεται.
540 1535 643 1605 προσ-

124 1621 332 1689 πιπτέτωσαν
359 1623 488 1701 ἀκτῖνες
511 1625 548 1689 αί
568 1630 642 1708 ΕΒ,

125 1734 198 1815 ΕΓ,
217 1729 272 1796 καί
289 1731 548 1817 περιγεγράφθω
567 1731 642 1818 περί

72 1848 105 1896 15
124 1839 162 1903 τὸ
190 1843 294 1903 ΑΕΑ
325 1845 490 1924 τρίγωνον
523 1839 643 1916 κύκλος

125 1945 143 2011 ὁ
181 1951 213 2009 Α
222 1948 303 2008 ΕΑ.
371 1941 426 2008 καί
466 1948 643 2030 προσεκβε-

125 2052 329 2134 βλήσθωσαν
361 2062 433 2127 ταῖς
465 2055 539 2135 ΕΒ,
564 2054 632 2115 ΕΓ
661 2051 810 2128 εὐθείαις
842 2051 972 2116 εὐθεῖαι
1004 2053 1042 2116 αί
1067 2057 1144 2137 ΒΖ,

127 2160 209 2240 ΓΗ,
241 2153 297 2220 καὶ
325 2155 556 2222 ἀνεστάτωσαν
586 2156 649 2223 ἀπὸ
677 2169 745 2223 τῶν
768 2163 808 2242 B,
827 2161 860 2222 Γ
887 2162 1032 2243 σημείων
1058 2161 1144 2246 πρὸς

126 2264 233 2349 ὀρθὰς
255 2265 379 2345 γωνίας
407 2269 475 2329 ίσαι
503 2263 633 2329 εὐθεῖαι
656 2267 694 2329 αί
714 2269 793 2349 ΒΘ,
813 2268 887 2330 ΓΚ.
933 2269 1002 2331 ἔστι
1026 2263 1063 2330 δὲ
1088 2272 1143 2350 ίση

73 2369 147 2452 εῡὴ
172 2373 237 2434 ΑΒ
261 2378 301 2455 τῇ
325 2372 401 2454 ΓΑ,
433 2369 517 2436 ἀλλὰ
544 2368 599 2436 καί
622 2375 728 2454 γωνία
751 2370 771 2454 ἡ
794 2372 859 2436 ὑπὸ
883 2376 987 2436 ΑΒΘ
1013 2381 1052 2457 τη
1075 2372 1143 2438 ὑπὸ

127 2480 234 2542 ΑΓΚ
254 2475 345 2542 ἐστιν
364 2483 427 2561 ίση.
460 2475 515 2542 καὶ
532 2477 726 2565 περιφέρεια
745 2480 809 2565 ἄρα
827 2479 847 2562 ἡ
862 2483 931 2543 ΑΘ
948 2483 1143 2567 περιφερείᾳ

127 2593 166 2669 τῇ
194 2587 268 2647 ΔΚ
293 2583 384 2649 ε’στιν
412 2589 476 2667 ίση.
534 2585 555 2670 ἡ
583 2588 652 2649 ΚΑ
679 2587 744 2671 ίίρα
770 2583 963 2672 περιφέρεια
990 2595 1048 2670 τῆς
1077 2591 1144 2651 ΖΑ

126 2692 336 2776 περιφερείας
367 2693 486 2774 μείζων
518 2690 617 2757 έστίν.
672 2696 783 2779 πολλῷ
812 2693 876 2778 ἄρα
903 2693 923 2776 ἡ
950 2695 1023 2756 ΗΔ
1050 2713 1143 2778 περι-

128 2795 243 2882 φέρεια
270 2805 328 2880 τῆς
352 2800 418 2861 ΖΑ
444 2797 691 2881 μείζων“’ἐστίν.
741 2795 813 2862 ἀλλ’
835 2796 887 2863 ἐπὶ
910 2795 971 2882 μὲν
993 2806 1052 2882 τῆς
1077 2803 1145 2863 ΖΑ

75 2913 109 2962 25
128 2905 338 2989 περιφερείας
364 2902 384 2986 ἡ
412 2903 477 2970 ὑπὸ
501 2909 601 2969 ΑΕΖ
629 2907 733 2987 γωνία
761 2903 915 2989 βέβηκεν,
948 2903 1001 2970 ἐπὶ
1024 2901 1061 2969 δέ
1084 2914 1145 2990 της

129 3013 203 3074 ΗΛ
233 3012 444 3095 περιφερείας
474 3009 494 3092 ἡ
527 3010 592 3075 ὑπὸ
620 3015 737 3074 ΗΕΑ.
796 3011 816 3095 ἡ
846 3013 910 3096 ἄρα
940 3011 1006 3075 ὑπὸ
1034 3016 1145 3077 ΗΕΔ

130 3118 235 3197 γωνία
259 3125 316 3200 τῆς
337 3115 403 3181 ὑπὸ
421 3121 523 3181 ΑΕΖ
546 3119 664 3201 μείζων
688 3117 787 3183 έστίν.
824 3115 897 3183 ἀλλ’
916 3117 982 3182 ὑπὸ
1005 3114 1066 3202 μὲν
1085 3128 1148 3204 της

128 3221 193 3285 ὑπὸ
222 3226 322 3286 ΑΕΖ
354 3222 374 3305 ἡ
402 3227 468 3288 ΑΒ
501 3221 667 3307 βλέπεται,
698 3223 764 3289 ὑπὸ
792 3221 829 3289 δέ
857 3233 914 3308 τῆς
940 3223 1005 3289 ὑπὸ
1034 3228 1146 3290 ΗΕΔ

130 3328 150 3411 ἡ
174 3331 244 3392 ΓΛ.
290 3331 408 3412 μείζων
431 3332 495 3416 ίίρα
518 3330 538 3413 ἡ
563 3333 624 3395 ΓΔ
646 3339 704 3414 τῆς
726 3336 792 3396 ΑΒ
816 3334 979 3416 φαίνεται.

203 3474 225 3522 1.
241 3468 265 3532 ζ’
293 3468 521 3537 n'VVathm.
577 3472 785 3541 5.AB]AHv.
842 3477 865 3525 6.
880 3470 1147 3539 &zzvjzvaVat.v.

166 3469 278 3611 ἄνισονί
293 3539 392 3594 ἄνισον
407 3538 545 3610 διάστημα
559 3559 595 3596 m.
652 3547 675 3596 9.
692 3543 755 3613 ΕΑ]
770 3545 862 3596 AEv.
921 3548 961 3596 10.
978 3545 1072 3611 μεῖζον
1088 3545 1146 3602 Bv.
