<?xml version="1.0" encoding="UTF-8"?>
<!DOCTYPE html PUBLIC "-//W3C//DTD XHTML 1.0 Transitional//EN"
    "http://www.w3.org/TR/xhtml1/DTD/xhtml1-transitional.dtd">
<html xmlns="http://www.w3.org/1999/xhtml" xml:lang="en" lang="en">
 <head>
  <title>
</title>
<meta http-equiv="Content-Type" content="text/html;charset=utf-8" />
  <meta name='ocr-system' content='tesseract 3.04.00' />
  <meta name='ocr-capabilities' content='ocr_page ocr_carea ocr_par ocr_line ocrx_word'/>
</head>
<body>
  <div class='ocr_page' id='page_1' title='image "./euclidisoperaom01unkngoog_0382.png"; bbox 0 0 2424 3944; ppageno 0'>
   <div class='ocr_carea' id='block_1_1' title="bbox 454 171 1072 235">
    <p class='ocr_par' dir='ltr' id='par_1_1' title="bbox 454 171 1072 235">
     <span class='ocr_line' id='line_1_1' title="bbox 454 171 1072 235; baseline 0 -11"><span class='ocrx_word' id='word_1_1' title='bbox 454 173 683 225; x_wconf 73' lang='lat' dir='ltr'><strong>OATOFPRIOA.</strong></span> <span class='ocrx_word' id='word_1_2' title='bbox 1007 171 1072 235; x_wconf 83' lang='lat'>315</span> 
     </span>
    </p>
   </div>
   <div class='ocr_carea' id='block_1_2' title="bbox 55 316 1136 839">
    <p class='ocr_par' dir='ltr' id='par_1_2' title="bbox 55 316 1136 615">
     <span class='ocr_line' id='line_1_2' title="bbox 55 316 1072 402; baseline 0.002 -23"><span class='ocrx_word' id='word_1_3' title='bbox 55 318 169 380; x_wconf 91' lang='lat' dir='ltr'>autem</span> <span class='ocrx_word' id='word_1_4' title='bbox 192 319 260 380; x_wconf 99' lang='lat' dir='ltr'><em>BA</em></span> <span class='ocrx_word' id='word_1_5' title='bbox 288 316 328 380; x_wconf 83' lang='lat' dir='ltr'>ad</span> <span class='ocrx_word' id='word_1_6' title='bbox 355 322 388 380; x_wconf 89' lang='lat' dir='ltr'><em>A</em></span> <span class='ocrx_word' id='word_1_7' title='bbox 414 316 587 402; x_wconf 87' lang='lat' dir='ltr'>refractus,</span> <span class='ocrx_word' id='word_1_8' title='bbox 618 321 651 381; x_wconf 88' lang='lat' dir='ltr'>et</span> <span class='ocrx_word' id='word_1_9' title='bbox 674 321 824 382; x_wconf 74' lang='lat' dir='ltr'>cernatur</span> <span class='ocrx_word' id='word_1_10' title='bbox 847 324 893 402; x_wconf 97' lang='lat' dir='ltr'>A,</span> <span class='ocrx_word' id='word_1_11' title='bbox 925 322 1072 382; x_wconf 75' lang='lat' dir='ltr'>centrum</span> 
     </span>
     <span class='ocr_line' id='line_1_3' title="bbox 56 421 1136 513; baseline 0.002 -27"><span class='ocrx_word' id='word_1_12' title='bbox 56 425 169 486; x_wconf 89' lang='lat' dir='ltr'>autem</span> <span class='ocrx_word' id='word_1_13' title='bbox 192 421 347 506; x_wconf 83' lang='lat' dir='ltr'>sphaerae</span> <span class='ocrx_word' id='word_1_14' title='bbox 371 423 414 488; x_wconf 89' lang='lat' dir='ltr'>sit</span> <span class='ocrx_word' id='word_1_15' title='bbox 439 427 476 508; x_wconf 89' lang='lat' dir='ltr'>Z,</span> <span class='ocrx_word' id='word_1_16' title='bbox 499 427 531 488; x_wconf 89' lang='lat' dir='ltr'>et</span> <span class='ocrx_word' id='word_1_17' title='bbox 555 424 691 488; x_wconf 91' lang='lat' dir='ltr'>ducatur</span> <span class='ocrx_word' id='word_1_18' title='bbox 713 431 746 489; x_wconf 93' lang='lat' dir='ltr'><em>A</em></span> <span class='ocrx_word' id='word_1_19' title='bbox 753 429 790 508; x_wconf 93' lang='lat' dir='ltr'>Z,</span> <span class='ocrx_word' id='word_1_20' title='bbox 811 425 1072 508; x_wconf 87' lang='lat' dir='ltr'>producaturque</span> <span class='ocrx_word' id='word_1_21' title='bbox 1130 502 1136 513; x_wconf 32' lang='grc' dir='ltr'>Ι</span> 
     </span>
     <span class='ocr_line' id='line_1_4' title="bbox 641 529 1071 615; baseline 0.005 -22"><span class='ocrx_word' id='word_1_22' title='bbox 641 529 749 595; x_wconf 89' lang='lat' dir='ltr'>radius</span> <span class='ocrx_word' id='word_1_23' title='bbox 764 535 827 595; x_wconf 99' lang='lat' dir='ltr'><em>BA</em></span> <span class='ocrx_word' id='word_1_24' title='bbox 841 531 881 594; x_wconf 91' lang='lat' dir='ltr'>ad</span> <span class='ocrx_word' id='word_1_25' title='bbox 895 536 933 595; x_wconf 89' lang='grc' dir='ltr'>Ε.</span> <span class='ocrx_word' id='word_1_26' title='bbox 960 531 1071 615; x_wconf 87' lang='lat' dir='ltr'>itaque</span> 
     </span>
    </p>

    <p class='ocr_par' dir='ltr' id='par_1_3' title="bbox 643 636 1072 722">
     <span class='ocr_line' id='line_1_5' title="bbox 643 636 1072 722; baseline 0.005 -23"><span class='ocrx_word' id='word_1_27' title='bbox 643 636 796 720; x_wconf 89' lang='lat' dir='ltr'>quoniam</span> <span class='ocrx_word' id='word_1_28' title='bbox 818 637 854 701; x_wconf 94' lang='lat' dir='ltr'>in</span> <span class='ocrx_word' id='word_1_29' title='bbox 875 637 1072 722; x_wconf 87' lang='lat' dir='ltr'>phaenome-</span> 
     </span>
    </p>

    <p class='ocr_par' dir='ltr' id='par_1_4' title="bbox 567 743 1076 839">
     <span class='ocr_line' id='line_1_6' title="bbox 567 743 1076 839; baseline 0.006 -34"><span class='ocrx_word' id='word_1_30' title='bbox 567 826 574 839; x_wconf 30' lang='grc' dir='ltr'>ι</span> <span class='ocrx_word' id='word_1_31' title='bbox 641 743 692 806; x_wconf 90' lang='lat' dir='ltr'>nis</span> <span class='ocrx_word' id='word_1_32' title='bbox 717 744 922 827; x_wconf 89' lang='lat' dir='ltr'>suppositum</span> <span class='ocrx_word' id='word_1_33' title='bbox 947 747 1011 828; x_wconf 88' lang='lat' dir='ltr'>est,</span> <span class='ocrx_word' id='word_1_34' title='bbox 1044 746 1076 807; x_wconf 89' lang='grc' dir='ltr'><strong><em>Γ</em></strong></span> 
     </span>
    </p>
   </div>
   <div class='ocr_carea' id='block_1_3' title="bbox 574 849 1078 1360">
    <p class='ocr_par' dir='ltr' id='par_1_5' title="bbox 641 849 1071 935">
     <span class='ocr_line' id='line_1_7' title="bbox 641 849 1071 935; baseline 0.007 -24"><span class='ocrx_word' id='word_1_35' title='bbox 641 849 713 914; x_wconf 86' lang='lat' dir='ltr'>loco</span> <span class='ocrx_word' id='word_1_36' title='bbox 729 856 886 935; x_wconf 85' lang='lat' dir='ltr'>occupato</span> <span class='ocrx_word' id='word_1_37' title='bbox 903 873 970 914; x_wconf 94' lang='lat' dir='ltr'>ncn</span> <span class='ocrx_word' id='word_1_38' title='bbox 984 851 1071 915; x_wconf 88' lang='lat' dir='ltr'>cerni</span> 
     </span>
    </p>

    <p class='ocr_par' dir='ltr' id='par_1_6' title="bbox 574 951 1078 1360">
     <span class='ocr_line' id='line_1_8' title="bbox 574 951 1072 1041; baseline 0.006 -22"><span class='ocrx_word' id='word_1_39' title='bbox 574 951 596 1001; x_wconf 71' lang='grc' dir='ltr'><strong>Ζ</strong></span> <span class='ocrx_word' id='word_1_40' title='bbox 641 962 683 1040; x_wconf 94' lang='lat' dir='ltr'>A,</span> <span class='ocrx_word' id='word_1_41' title='bbox 691 957 727 1019; x_wconf 92' lang='lat' dir='ltr'>in</span> <span class='ocrx_word' id='word_1_42' title='bbox 735 958 1072 1041; x_wconf 82' lang='lat' dir='ltr'>rectaAFprcducta</span> 
     </span>
     <span class='ocr_line' id='line_1_9' title="bbox 642 1065 1078 1149; baseline 0.009 -23"><span class='ocrx_word' id='word_1_43' title='bbox 642 1067 804 1146; x_wconf 88' lang='lat' dir='ltr'>cernetur,</span> <span class='ocrx_word' id='word_1_44' title='bbox 830 1065 887 1128; x_wconf 90' lang='lat' dir='ltr'>ubi</span> <span class='ocrx_word' id='word_1_45' title='bbox 912 1068 987 1149; x_wconf 92' lang='lat' dir='ltr'>BA,</span> <span class='ocrx_word' id='word_1_46' title='bbox 1006 1072 1039 1130; x_wconf 97' lang='lat' dir='ltr'><em>A</em></span> <span class='ocrx_word' id='word_1_47' title='bbox 1045 1068 1078 1129; x_wconf 92' lang='grc' dir='ltr'>Γ</span> 
     </span>
     <span class='ocr_line' id='line_1_10' title="bbox 642 1170 1072 1255; baseline 0.007 -22"><span class='ocrx_word' id='word_1_48' title='bbox 642 1175 853 1255; x_wconf 87' lang='lat' dir='ltr'>concurrunt,</span> <span class='ocrx_word' id='word_1_49' title='bbox 884 1170 1008 1237; x_wconf 89' lang='lat' dir='ltr'>scilicet</span> <span class='ocrx_word' id='word_1_50' title='bbox 1036 1172 1072 1236; x_wconf 92' lang='lat' dir='ltr'>in</span> 
     </span>
     <span class='ocr_line' id='line_1_11' title="bbox 641 1277 985 1360; baseline 0.006 -21"><span class='ocrx_word' id='word_1_51' title='bbox 641 1280 684 1359; x_wconf 87' lang='lat' dir='ltr'>E,</span> <span class='ocrx_word' id='word_1_52' title='bbox 708 1277 791 1341; x_wconf 86' lang='lat' dir='ltr'>sicut</span> <span class='ocrx_word' id='word_1_53' title='bbox 813 1277 849 1340; x_wconf 93' lang='lat' dir='ltr'>in</span> <span class='ocrx_word' id='word_1_54' title='bbox 870 1277 985 1360; x_wconf 89' lang='lat' dir='ltr'>planis.</span> 
     </span>
    </p>
   </div>
   <div class='ocr_carea' id='block_1_4' title="bbox 54 1434 1071 2906">
    <p class='ocr_par' dir='ltr' id='par_1_7' title="bbox 539 1434 588 1500">
     <span class='ocr_line' id='line_1_12' title="bbox 539 1434 588 1500; baseline -0.02 -1"><span class='ocrx_word' id='word_1_55' title='bbox 539 1434 588 1500; x_wconf 89' lang='lat'>18.</span> 
     </span>
    </p>

    <p class='ocr_par' dir='ltr' id='par_1_8' title="bbox 54 1533 1070 1845">
     <span class='ocr_line' id='line_1_13' title="bbox 122 1533 1070 1629; baseline 0.012 -30"><span class='ocrx_word' id='word_1_56' title='bbox 122 1533 162 1599; x_wconf 93' lang='lat' dir='ltr'>In</span> <span class='ocrx_word' id='word_1_57' title='bbox 181 1536 319 1621; x_wconf 84' lang='lat' dir='ltr'>speculis</span> <span class='ocrx_word' id='word_1_58' title='bbox 339 1538 489 1602; x_wconf 88' lang='lat' dir='ltr'>concauis</span> <span class='ocrx_word' id='word_1_59' title='bbox 509 1541 626 1626; x_wconf 87' lang='lat' dir='ltr'>omnia,</span> <span class='ocrx_word' id='word_1_60' title='bbox 650 1564 732 1626; x_wconf 87' lang='lat' dir='ltr'>quae</span> <span class='ocrx_word' id='word_1_61' title='bbox 751 1548 936 1629; x_wconf 92' lang='lat' dir='ltr'>cernuntur,</span> <span class='ocrx_word' id='word_1_62' title='bbox 960 1567 1070 1610; x_wconf 89' lang='lat' dir='ltr'>secun-</span> 
     </span>
     <span class='ocr_line' id='line_1_14' title="bbox 54 1644 1070 1735; baseline 0.01 -29"><span class='ocrx_word' id='word_1_63' title='bbox 54 1645 133 1708; x_wconf 91' lang='lat' dir='ltr'>dum</span> <span class='ocrx_word' id='word_1_64' title='bbox 152 1647 275 1708; x_wconf 86' lang='lat' dir='ltr'>rectam</span> <span class='ocrx_word' id='word_1_65' title='bbox 295 1644 334 1707; x_wconf 87' lang='lat' dir='ltr'>ab</span> <span class='ocrx_word' id='word_1_66' title='bbox 355 1666 401 1728; x_wconf 90' lang='lat' dir='ltr'>eo,</span> <span class='ocrx_word' id='word_1_67' title='bbox 422 1646 508 1728; x_wconf 89' lang='lat' dir='ltr'>quod</span> <span class='ocrx_word' id='word_1_68' title='bbox 523 1648 674 1733; x_wconf 90' lang='lat' dir='ltr'>cernitur,</span> <span class='ocrx_word' id='word_1_69' title='bbox 694 1650 734 1713; x_wconf 92' lang='lat' dir='ltr'>ad</span> <span class='ocrx_word' id='word_1_70' title='bbox 748 1652 893 1713; x_wconf 79' lang='lat' dir='ltr'>centrum</span> <span class='ocrx_word' id='word_1_71' title='bbox 915 1652 1070 1735; x_wconf 85' lang='lat' dir='ltr'>sphaerae</span> 
     </span>
     <span class='ocr_line' id='line_1_15' title="bbox 271 1753 820 1845; baseline 0.013 -32"><span class='ocrx_word' id='word_1_72' title='bbox 271 1798 307 1845; x_wconf 80' lang='lat'>1⁷</span> <span class='ocrx_word' id='word_1_73' title='bbox 484 1753 614 1819; x_wconf 88' lang='lat' dir='ltr'>ductam</span> <span class='ocrx_word' id='word_1_74' title='bbox 639 1760 820 1820; x_wconf 85' lang='lat' dir='ltr'>cernuntur.</span> 
     </span>
    </p>

    <p class='ocr_par' dir='ltr' id='par_1_9' title="bbox 401 1860 1070 2586">
     <span class='ocr_line' id='line_1_16' title="bbox 401 1860 1070 2036; baseline 0.009 -114"><span class='ocrx_word' id='word_1_75' title='bbox 401 1913 428 1976; x_wconf 78' lang='grc' dir='ltr'><em>Δ</em></span> <span class='ocrx_word' id='word_1_76' title='bbox 525 1860 594 2030; x_wconf 82' lang='lat' dir='ltr'>dsit</span> <span class='ocrx_word' id='word_1_77' title='bbox 614 1863 677 2031; x_wconf 51' lang='lat' dir='ltr'>BA</span> <span class='ocrx_word' id='word_1_78' title='bbox 697 1862 1070 2036; x_wconf 41' lang='lat' dir='ltr'>speguprmdcficauum,</span> 
     </span>
     <span class='ocr_line' id='line_1_17' title="bbox 487 1988 1047 2036; baseline 0.013 -7"><span class='ocrx_word' id='word_1_79' title='bbox 487 1988 729 2032; x_wconf 65' lang='lat' dir='ltr'>mmmm</span> <span class='ocrx_word' id='word_1_80' title='bbox 846 1992 865 2032; x_wconf 83' lang='lat' dir='ltr'>a</span> <span class='ocrx_word' id='word_1_81' title='bbox 1004 1994 1047 2036; x_wconf 71' lang='lat' dir='ltr'>m</span> 
     </span>
     <span class='ocr_line' id='line_1_18' title="bbox 485 1994 1068 2162; baseline 0.014 -26"><span class='ocrx_word' id='word_1_82' title='bbox 485 2073 644 2158; x_wconf 85' lang='lat' dir='ltr'>cernitur,</span> <span class='ocrx_word' id='word_1_83' title='bbox 691 2074 850 2140; x_wconf 86' lang='lat' dir='ltr'>refractus</span> <span class='ocrx_word' id='word_1_84' title='bbox 857 2128 866 2161; x_wconf 96' lang='lat'>,</span> <span class='ocrx_word' id='word_1_85' title='bbox 914 1994 1068 2162; x_wconf 56' lang='lat' dir='ltr'>spnderae</span> 
     </span>
     <span class='ocr_line' id='line_1_19' title="bbox 484 2182 1070 2266; baseline 0.015 -24"><span class='ocrx_word' id='word_1_86' title='bbox 484 2184 593 2243; x_wconf 91' lang='lat' dir='ltr'>autem</span> <span class='ocrx_word' id='word_1_87' title='bbox 614 2184 761 2247; x_wconf 84' lang='lat' dir='ltr'>centrum</span> <span class='ocrx_word' id='word_1_88' title='bbox 785 2182 828 2246; x_wconf 89' lang='lat' dir='ltr'>sit</span> <span class='ocrx_word' id='word_1_89' title='bbox 851 2188 894 2266; x_wconf 87' lang='lat' dir='ltr'>E,</span> <span class='ocrx_word' id='word_1_90' title='bbox 917 2189 950 2249; x_wconf 88' lang='lat' dir='ltr'>et</span> <span class='ocrx_word' id='word_1_91' title='bbox 973 2187 1013 2250; x_wconf 89' lang='lat' dir='ltr'>ab</span> <span class='ocrx_word' id='word_1_92' title='bbox 1037 2194 1070 2252; x_wconf 92' lang='lat' dir='ltr'><em>A</em></span> 
     </span>
     <span class='ocr_line' id='line_1_20' title="bbox 485 2287 1069 2378; baseline 0.014 -28"><span class='ocrx_word' id='word_1_93' title='bbox 485 2287 525 2350; x_wconf 95' lang='lat' dir='ltr'>ad</span> <span class='ocrx_word' id='word_1_94' title='bbox 560 2292 592 2351; x_wconf 90' lang='grc' dir='ltr'><em>Ε</em></span> <span class='ocrx_word' id='word_1_95' title='bbox 628 2293 717 2353; x_wconf 87' lang='lat' dir='ltr'>recta</span> <span class='ocrx_word' id='word_1_96' title='bbox 753 2290 888 2354; x_wconf 91' lang='lat' dir='ltr'>ducatur</span> <span class='ocrx_word' id='word_1_97' title='bbox 925 2296 957 2356; x_wconf 92' lang='lat' dir='ltr'>et</span> <span class='ocrx_word' id='word_1_98' title='bbox 992 2316 1069 2378; x_wconf 90' lang='lat' dir='ltr'>prc-</span> 
     </span>
     <span class='ocr_line' id='line_1_21' title="bbox 484 2395 1070 2481; baseline 0.009 -23"><span class='ocrx_word' id='word_1_99' title='bbox 484 2395 627 2459; x_wconf 89' lang='lat' dir='ltr'>ducatur.</span> <span class='ocrx_word' id='word_1_100' title='bbox 647 2395 756 2478; x_wconf 91' lang='lat' dir='ltr'>itaque</span> <span class='ocrx_word' id='word_1_101' title='bbox 768 2396 920 2478; x_wconf 91' lang='lat' dir='ltr'>quoniam</span> <span class='ocrx_word' id='word_1_102' title='bbox 930 2397 1070 2481; x_wconf 88' lang='lat' dir='ltr'>inphac-</span> 
     </span>
     <span class='ocr_line' id='line_1_22' title="bbox 483 2501 1068 2586; baseline 0.007 -22"><span class='ocrx_word' id='word_1_103' title='bbox 483 2502 631 2566; x_wconf 89' lang='lat' dir='ltr'>nomenis</span> <span class='ocrx_word' id='word_1_104' title='bbox 664 2501 868 2586; x_wconf 88' lang='lat' dir='ltr'>suppositum</span> <span class='ocrx_word' id='word_1_105' title='bbox 901 2507 964 2585; x_wconf 88' lang='lat' dir='ltr'>est,</span> <span class='ocrx_word' id='word_1_106' title='bbox 995 2503 1068 2568; x_wconf 89' lang='lat' dir='ltr'>loco</span> 
     </span>
    </p>

    <p class='ocr_par' dir='ltr' id='par_1_10' title="bbox 54 2607 1071 2906">
     <span class='ocr_line' id='line_1_23' title="bbox 54 2607 1071 2695; baseline -0.001 -19"><span class='ocrx_word' id='word_1_107' title='bbox 54 2617 89 2676; x_wconf 96' lang='lat' dir='ltr'><em>A</em></span> <span class='ocrx_word' id='word_1_108' title='bbox 118 2614 275 2695; x_wconf 86' lang='lat' dir='ltr'>occupato</span> <span class='ocrx_word' id='word_1_109' title='bbox 307 2631 375 2674; x_wconf 90' lang='lat' dir='ltr'>non</span> <span class='ocrx_word' id='word_1_110' title='bbox 402 2607 490 2674; x_wconf 88' lang='lat' dir='ltr'>cerni</span> <span class='ocrx_word' id='word_1_111' title='bbox 517 2615 563 2693; x_wconf 91' lang='lat' dir='ltr'>A,</span> <span class='ocrx_word' id='word_1_112' title='bbox 594 2607 641 2670; x_wconf 87' lang='lat' dir='ltr'>ita</span> <span class='ocrx_word' id='word_1_113' title='bbox 668 2611 705 2672; x_wconf 90' lang='lat' dir='ltr'>ut</span> <span class='ocrx_word' id='word_1_114' title='bbox 731 2607 914 2671; x_wconf 84' lang='lat' dir='ltr'>necessario</span> <span class='ocrx_word' id='word_1_115' title='bbox 941 2608 977 2672; x_wconf 90' lang='lat' dir='ltr'>in</span> <span class='ocrx_word' id='word_1_116' title='bbox 1002 2615 1071 2674; x_wconf 87' lang='grc' dir='ltr'>ΑΕ</span> 
     </span>
     <span class='ocr_line' id='line_1_24' title="bbox 54 2715 1069 2801; baseline 0.002 -22"><span class='ocrx_word' id='word_1_117' title='bbox 54 2716 214 2800; x_wconf 89' lang='lat' dir='ltr'>producta</span> <span class='ocrx_word' id='word_1_118' title='bbox 246 2717 413 2801; x_wconf 86' lang='lat' dir='ltr'>adpareat,</span> <span class='ocrx_word' id='word_1_119' title='bbox 443 2715 479 2779; x_wconf 92' lang='lat' dir='ltr'>in</span> <span class='ocrx_word' id='word_1_120' title='bbox 505 2718 626 2799; x_wconf 89' lang='lat' dir='ltr'>puncto</span> <span class='ocrx_word' id='word_1_121' title='bbox 656 2735 831 2778; x_wconf 85' lang='lat' dir='ltr'>concursus</span> <span class='ocrx_word' id='word_1_122' title='bbox 863 2719 970 2779; x_wconf 86' lang='lat' dir='ltr'>rectae</span> <span class='ocrx_word' id='word_1_123' title='bbox 999 2722 1069 2781; x_wconf 97' lang='lat' dir='ltr'>AA</span> 
     </span>
     <span class='ocr_line' id='line_1_25' title="bbox 54 2819 1050 2906; baseline -0.005 -20"><span class='ocrx_word' id='word_1_124' title='bbox 54 2821 200 2906; x_wconf 89' lang='lat' dir='ltr'>radiique</span> <span class='ocrx_word' id='word_1_125' title='bbox 223 2825 291 2887; x_wconf 81' lang='lat' dir='ltr'>BF</span> <span class='ocrx_word' id='word_1_126' title='bbox 310 2828 471 2906; x_wconf 85' lang='lat' dir='ltr'>cernetur,</span> <span class='ocrx_word' id='word_1_127' title='bbox 493 2821 524 2885; x_wconf 91' lang='lat' dir='ltr'>h.</span> <span class='ocrx_word' id='word_1_128' title='bbox 543 2843 568 2885; x_wconf 92' lang='lat' dir='ltr'>e.</span> <span class='ocrx_word' id='word_1_129' title='bbox 591 2819 627 2883; x_wconf 92' lang='lat' dir='ltr'>in</span> <span class='ocrx_word' id='word_1_130' title='bbox 651 2824 687 2884; x_wconf 93' lang='lat' dir='ltr'>Z.</span> <span class='ocrx_word' id='word_1_131' title='bbox 1048 2829 1050 2833; x_wconf 84' lang='lat'>&#39;</span> 
     </span>
    </p>
   </div>
   <div class='ocr_carea' id='block_1_5' title="bbox 55 2981 1071 3387">
    <p class='ocr_par' dir='ltr' id='par_1_11' title="bbox 55 2981 1071 3387">
     <span class='ocr_line' id='line_1_26' title="bbox 538 2981 587 3045; baseline -0.02 0"><span class='ocrx_word' id='word_1_132' title='bbox 538 2981 587 3045; x_wconf 83' lang='lat'>19.</span> 
     </span>
     <span class='ocr_line' id='line_1_27' title="bbox 126 3084 1071 3174; baseline -0.001 -22"><span class='ocrx_word' id='word_1_133' title='bbox 126 3086 165 3152; x_wconf 91' lang='lat' dir='ltr'>In</span> <span class='ocrx_word' id='word_1_134' title='bbox 184 3089 323 3173; x_wconf 87' lang='lat' dir='ltr'>speculis</span> <span class='ocrx_word' id='word_1_135' title='bbox 337 3089 442 3174; x_wconf 74' lang='lat' dir='ltr'>plania</span> <span class='ocrx_word' id='word_1_136' title='bbox 461 3092 570 3172; x_wconf 84' lang='lat' dir='ltr'>partes</span> <span class='ocrx_word' id='word_1_137' title='bbox 586 3087 716 3151; x_wconf 83' lang='lat' dir='ltr'>dextrae</span> <span class='ocrx_word' id='word_1_138' title='bbox 736 3084 886 3150; x_wconf 83' lang='lat' dir='ltr'>sinistrae</span> <span class='ocrx_word' id='word_1_139' title='bbox 906 3086 1071 3174; x_wconf 85' lang='lat' dir='ltr'>adparent,</span> 
     </span>
     <span class='ocr_line' id='line_1_28' title="bbox 57 3192 1070 3280; baseline -0.002 -20"><span class='ocrx_word' id='word_1_140' title='bbox 57 3195 209 3260; x_wconf 88' lang='lat' dir='ltr'>sinistrae</span> <span class='ocrx_word' id='word_1_141' title='bbox 233 3199 341 3260; x_wconf 87' lang='lat' dir='ltr'>autem</span> <span class='ocrx_word' id='word_1_142' title='bbox 369 3196 514 3278; x_wconf 85' lang='lat' dir='ltr'>dextrae,</span> <span class='ocrx_word' id='word_1_143' title='bbox 540 3194 713 3278; x_wconf 82' lang='lat' dir='ltr'>imagcque</span> <span class='ocrx_word' id='word_1_144' title='bbox 737 3192 780 3276; x_wconf 90' lang='lat' dir='ltr'>ei,</span> <span class='ocrx_word' id='word_1_145' title='bbox 809 3193 895 3277; x_wconf 90' lang='lat' dir='ltr'>quod</span> <span class='ocrx_word' id='word_1_146' title='bbox 919 3193 1070 3280; x_wconf 86' lang='lat' dir='ltr'>cernitur,</span> 
     </span>
     <span class='ocr_line' id='line_1_29' title="bbox 55 3299 891 3387; baseline -0.004 -20"><span class='ocrx_word' id='word_1_147' title='bbox 55 3302 214 3387; x_wconf 88' lang='lat' dir='ltr'>aequalis,</span> <span class='ocrx_word' id='word_1_148' title='bbox 237 3306 270 3367; x_wconf 88' lang='lat' dir='ltr'>et</span> <span class='ocrx_word' id='word_1_149' title='bbox 293 3300 448 3365; x_wconf 89' lang='lat' dir='ltr'>distantia</span> <span class='ocrx_word' id='word_1_150' title='bbox 471 3323 489 3364; x_wconf 90' lang='lat' dir='ltr'>a</span> <span class='ocrx_word' id='word_1_151' title='bbox 513 3299 643 3383; x_wconf 87' lang='lat' dir='ltr'>speculo</span> <span class='ocrx_word' id='word_1_152' title='bbox 668 3299 811 3383; x_wconf 87' lang='lat' dir='ltr'>aequalis</span> <span class='ocrx_word' id='word_1_153' title='bbox 834 3303 891 3364; x_wconf 88' lang='lat' dir='ltr'>est.</span> 
     </span>
    </p>
   </div>
   <div class='ocr_carea' id='block_1_6' title="bbox 111 2451 147 2512">
    <p class='ocr_par' dir='ltr' id='par_1_12' title="bbox 111 2451 147 2512">
     <span class='ocr_line' id='line_1_30' title="bbox 111 2451 147 2512; baseline 0 0"><span class='ocrx_word' id='word_1_154' title='bbox 111 2451 147 2512; x_wconf 88' lang='lat' dir='ltr'><em>A</em></span> 
     </span>
    </p>
   </div>
   <div class='ocr_carea' id='block_1_7' title="bbox 55 3454 1067 3601">
    <p class='ocr_par' dir='ltr' id='par_1_13' title="bbox 55 3454 1067 3601">
     <span class='ocr_line' id='line_1_31' title="bbox 55 3454 1067 3529; baseline 0 -17"><span class='ocrx_word' id='word_1_155' title='bbox 55 3474 140 3528; x_wconf 84' lang='lat' dir='ltr'>supra</span> <span class='ocrx_word' id='word_1_156' title='bbox 160 3474 210 3511; x_wconf 90' lang='lat' dir='ltr'>scr.</span> <span class='ocrx_word' id='word_1_157' title='bbox 229 3477 266 3512; x_wconf 93' lang='lat' dir='ltr'>m.</span> <span class='ocrx_word' id='word_1_158' title='bbox 327 3457 453 3528; x_wconf 79' lang='lat' dir='ltr'>rd(alt.)]</span> <span class='ocrx_word' id='word_1_159' title='bbox 474 3455 488 3511; x_wconf 83' lang='grc' dir='ltr'><strong>ὃ</strong></span> <span class='ocrx_word' id='word_1_160' title='bbox 507 3454 605 3527; x_wconf 79' lang='grc' dir='ltr'><strong>ἀπέχει</strong></span> <span class='ocrx_word' id='word_1_161' title='bbox 623 3457 654 3511; x_wconf 84' lang='grc' dir='ltr'>τὸ</span> <span class='ocrx_word' id='word_1_162' title='bbox 675 3456 790 3511; x_wconf 74' lang='grc' dir='ltr'><em>εἴδωλον</em></span> <span class='ocrx_word' id='word_1_163' title='bbox 809 3475 845 3512; x_wconf 84' lang='lat' dir='ltr'>m.</span> <span class='ocrx_word' id='word_1_164' title='bbox 919 3462 960 3511; x_wconf 83' lang='lat'>24.</span> <span class='ocrx_word' id='word_1_165' title='bbox 981 3455 1067 3529; x_wconf 79' lang='grc' dir='ltr'><strong>ἐστίν]</strong></span> 
     </span>
     <span class='ocr_line' id='line_1_32' title="bbox 55 3525 787 3601; baseline 0 -18"><span class='ocrx_word' id='word_1_166' title='bbox 55 3529 112 3583; x_wconf 76' lang='grc' dir='ltr'>ἐστὶ</span> <span class='ocrx_word' id='word_1_167' title='bbox 130 3533 168 3601; x_wconf 77' lang='grc' dir='ltr'>τῷ</span> <span class='ocrx_word' id='word_1_168' title='bbox 186 3529 372 3599; x_wconf 65' lang='lat' dir='ltr'>trerminum,</span> <span class='ocrx_word' id='word_1_169' title='bbox 391 3525 406 3583; x_wconf 84' lang='grc' dir='ltr'><em>ὃ</em></span> <span class='ocrx_word' id='word_1_170' title='bbox 425 3526 523 3600; x_wconf 77' lang='grc' dir='ltr'><em>ἀπέχει</em></span> <span class='ocrx_word' id='word_1_171' title='bbox 541 3529 571 3582; x_wconf 82' lang='grc' dir='ltr'>τὸ</span> <span class='ocrx_word' id='word_1_172' title='bbox 592 3529 734 3597; x_wconf 80' lang='grc' dir='ltr'><strong><em>ὁρώμενον</em></strong></span> <span class='ocrx_word' id='word_1_173' title='bbox 752 3547 787 3583; x_wconf 89' lang='lat' dir='ltr'>m.</span> 
     </span>
    </p>
   </div>
   <div class='ocr_carea' id='block_1_8' title="bbox 0 0 1216 3944">
    <p class='ocr_par' dir='ltr' id='par_1_14' title="bbox 0 0 1216 3944">
     <span class='ocr_line' id='line_1_33' title="bbox 0 0 1216 3944; baseline 0 0"><span class='ocrx_word' id='word_1_174' title='bbox 0 0 1216 3944; x_wconf 95' lang='lat' dir='ltr'> </span> 
     </span>
    </p>
   </div>
  </div>
 </body>
</html>
