2424 3944
137 141 181 206 32
477 141 646 193 οοοιαοιε
666 140 803 192 0ch.

137 285 277 373 πλευραὶ
301 289 365 372 ὄρα
388 285 554 367 ιἰνοίλονον
577 287 718 349 ἔσονται.
764 287 854 349 ἔστιν
877 285 953 367 ὄρα,
976 283 1021 359 ὡς
1043 282 1063 365 6
1088 287 1152 347 ΕΖ

137 397 221 479 πρὸς
243 395 304 477 τὴν
329 396 405 476 ΖΒ,
428 391 448 474 6
473 397 540 456 AA
561 392 645 477 πρὸς
666 392 728 474 τὴν
751 394 825 454 AB.
872 388 944 454 ἀλλ’
967 390 984 455 6
1007 399 1066 472 τῆς
1089 394 1153 454 ΕΖ

137 503 221 585 πρὸς
248 502 309 583 τὴν
337 502 399 563 ΖΒ
427 501 525 581 λόγος
554 496 622 563 ἐστὶ
648 499 828 582 γνώριμος·
865 495 921 561 καὶ
954 497 971 562 6
1000 505 1059 580 τῆς
1087 502 1153 560 AA

138 609 202 693 ὄρα
224 607 307 692 πρὸς
330 607 390 688 τὴν
414 609 480 669 AB
504 608 603 688 λόγος
625 602 694 669 ἐστὶ
716 605 890 690 γνώριμος.
927 606 986 668 καί
1007 601 1153 667 ἐστικαὶ

103 725 119 774 5
138 715 175 778 τὸ
199 716 265 777 AB
288 713 466 798 γνώριμον.
502 709 557 776 καὶ
580 710 617 775 τὸ
637 715 703 774 AA
726 712 790 795 ὄρα
813 711 983 796 γνώριμόν
1007 709 1107 774 ε’στιν.

612 911 676 951 κα.

209 1015 258 1078 Τὸ
283 1009 387 1078 δοθὲν
409 1022 512 1096 μῆκος
535 1011 731 1094 ἐπιγνῶναι,
753 1015 895 1094 πηλίκον
919 1011 1018 1076 ἐστίν.

205 1124 287 1185 ἔστω
311 1122 348 1184 τὸ
372 1114 476 1183 δοθὲν
499 1128 602 1203 μῆκος
623 1120 660 1183 τὸ
680 1122 756 1202 AB,
780 1120 867 1202 ὄμμα
891 1114 927 1182 δὲ
951 1121 1033 1182 ἔστω
1057 1119 1095 1183 τὸ
1117 1122 1155 1202 Γ,

138 1226 194 1293 καὶ
217 1225 295 1292 δέον
318 1230 400 1291 ἔστω
424 1227 461 1290 τὸ
485 1230 552 1290 AB
579 1234 681 1309 μῆκος
708 1236 849 1310 γνῶναι,
881 1228 1023 1308 πηλίκον
1052 1225 1156 1290 ἐστίν.

86 1346 119 1394 10
138 1332 432 1420 προσπιπτέτωσαν
451 1332 580 1408 ἀκτῖνες
595 1333 632 1396 αί
645 1335 715 1415 ΓΛ,

139 1443 215 1524 ΓΒ,
251 1437 306 1505 καὶ
339 1442 490 1523 εἰλήφθω
526 1437 624 1521 ἐγγὺς
655 1447 716 1503 τοῦ

139 1549 284 1631 ὄμματος
309 1555 370 1611 τοῦ
398 1549 431 1610 Γ
458 1543 510 1610 ἐπὶ
543 1555 600 1629 τῆς
628 1544 716 1609 ιἰκτί-

138 1678 196 1730 νος
223 1655 325 1738 τυχὸν
353 1663 489 1737 σημεῖον
517 1653 554 1717 τὸ
583 1658 629 1736 A,
661 1650 717 1716 καὶ
782 1632 785 1642 ¹

136 1761 231 1845 ἤχθω
265 1760 321 1824 διὰ
352 1767 413 1823 τοῦ
440 1764 473 1822 A
506 1762 642 1842 σημείου
676 1769 716 1844 τῇ

86 1877 119 1926 15
139 1871 204 1932 AB
228 1866 437 1952 παράλληλος
459 1864 575 1929 εὐθεῖα
597 1863 617 1947 6
640 1870 716 1929 AE.

139 1969 208 2037 ἐπεὶ
239 1967 302 2038 οὖν
332 1972 499 2055 τριγώνου
527 1979 588 2035 τοῦ
618 1975 723 2036 ΑΒΓ
760 2015 797 2076 Α

137 2079 226 2164 παρὰ
240 2080 319 2162 μίαν
333 2087 400 2141 τῶν
412 2083 567 2163 πλευρῶν
580 2079 641 2160 τὴν
656 2082 718 2142 BA

137 2179 233 2267 ἦκται
252 2183 272 2266 6
289 2188 368 2267 AE,
390 2187 480 2248 ἔστιν
498 2185 573 2268 ἄρα,
595 2185 640 2261 ὡς
656 2186 676 2269 6
693 2188 754 2249 ΓΛ
771 2186 855 2271 πρὸς
872 2186 933 2268 τὴν
947 2191 1024 2270 ΛΕ,
1048 2186 1157 2265 οὕτως

139 2290 159 2374 6
176 2294 235 2356 ΓΑ
253 2292 337 2375 πρὸς
349 2292 411 2373 τὴν
425 2295 500 2355 AB.
529 2289 601 2355 ἀλλ’
617 2291 634 2356 6
648 2301 707 2375 τῆς
721 2295 781 2356 ΓΛ
799 2293 883 2378 πρὸς
896 2294 957 2376 τὴν
971 2298 1040 2357 AE
1057 2297 1158 2377 λόγος

85 2409 120 2457 20
139 2396 207 2463 ἐστὶ
227 2399 405 2484 γνώριμος·
428 2395 483 2463 καλ
503 2397 520 2462 6
539 2407 597 2481 τῆς
615 2403 647 2462 Α
654 2401 686 2462 Γ
704 2399 768 2483 ὄρα
790 2401 873 2484 πρὸς
891 2400 952 2482 τὴν
971 2404 1036 2463 AB
1056 2403 1157 2483 λόγος

138 2505 304 2589 γνώριμός
327 2503 426 2569 ε’στιν.
462 2502 517 2568 καὶ
540 2505 707 2591 γνώριμός
726 2504 855 2588 ἐστινὴ
875 2508 949 2570 ΑΓ.
986 2507 1157 2593 γνώριμος

138 2612 202 2695 ὄρα
225 2608 281 2675 καὶ
303 2609 323 2693 6
348 2614 424 2675 AB.

616 2716 681 2802 κβ’.

203 2839 280 2906 Ἐὰν
304 2840 408 2929 ἐντῷ
432 2841 521 2930 αὐτῷ
546 2841 705 2932 ἐπιπέδῳ,
733 2842 769 2908 ἐν
792 2836 819 2932 ᾧ
842 2845 879 2908 τὸ
903 2844 1005 2927 ὄμμα,
1027 2845 1156 2910 κύκλου

85 2958 119 3008 25
137 2945 330 3033 περιφέρεια
366 2954 463 3032 τεθῇ,
500 2946 520 3030 6
552 2957 612 3013 τοῦ
645 2950 769 3014 κύκλον
807 2947 999 3036 περιφέρεια
1037 2951 1157 3018 εὐθεῖα

139 3055 272 3141 γραμμὴ
296 3056 458 3138 φαίνεται.

205 3164 287 3225 ἔστω
307 3161 431 3224 κύκλον
450 3158 642 3247 περιφέρεια
660 3160 680 3244 6
695 3166 764 3227 ΒΓ
781 3161 817 3227 έν
835 3172 881 3252 τῷ
900 3163 990 3252 αὐτῷ
1010 3163 1156 3256 ἐπιπέδῳ

137 3265 270 3350 κειμένη
302 3275 348 3355 τῷ
381 3268 500 3351 ὄμματι
532 3276 578 3355 τῷ
611 3273 657 3351 A,
694 3267 766 3362 ἀφ’,
784 3264 824 3334 οὗ
857 3270 1157 3355 προσπιπτέτωσαν

211 3428 234 3475 1.
261 3422 334 3476 Ante
363 3421 436 3478 ἔστιν
465 3422 519 3477 del.
544 3440 632 3493 comp.
663 3423 719 3493 ἄρα
747 3425 778 3480 Β.
870 3433 894 3481 4.
924 3426 974 3482 καί
988 3429 1072 3502 (alm
1102 3451 1156 3488 om.

139 3492 263 3547 Bvat.v.
337 3498 361 3546 ὅ.
382 3494 438 3548 ἐστι
456 3494 522 3549 Vah.
587 3501 611 3549 6.
631 3496 693 3568 ια’]
712 3497 760 3568 νβ’
781 3498 861 3552 codd.
928 3505 951 3554 9.
972 3499 1037 3572 καί]
1058 3520 1115 3559 om.
1131 3524 1157 3560 v.
