2424 3944
234 197 272 247 IN
292 196 502 247 OPTICORUM
520 197 774 248 RECENSIONEM
793 198 959 252 THEONIS.
1036 197 1100 260 277

159 339 210 402 72.
234 335 307 402 Ἔτι
329 341 454 403 κείσθω
479 347 518 425 τῇ
541 339 606 404 ὑπὸ
629 350 696 404 τῶν
719 344 823 405 ΕΖΚ
842 363 873 424 p.
897 343 976 427 210,
1001 342 1056 426 14]
1081 343 1101 427 ἡ

88 444 155 530 γὰρ
179 444 245 509 ὑπὸ
268 455 336 509 τῶν
358 449 463 509 ΕΖΚ
487 444 622 529 ἐδείχθη
647 446 789 512 ἑλίττων
816 458 932 512 πασῶν
954 458 1022 513 τῶν
1045 450 1103 512 διὰ

88 559 151 614 τοῦ
172 555 199 614 Ζ
223 550 430 636 διαγομένων
452 549 507 616 καὶ
529 563 699 617 ποιουσῶν
721 555 804 638 πρὸς
822 564 861 639 τῇ
880 560 912 618 Α
918 559 946 618 Β
969 559 1101 636 γωνίας.

158 676 207 740 73.
241 680 375 755 Μείζων
399 673 435 741 δὲ
458 676 478 759 ἡ
504 681 533 741 0
558 701 589 761 p.
610 679 683 762 212,
704 677 736 760 l]
765 679 930 763 τριγώνου
954 680 1016 765 γὰρ
1040 690 1101 745 τοῦ

89 786 199 846 ΛΡΠ
223 782 315 859 ἐκτός
338 783 421 866 ἐστι,
449 781 504 847 καλ
527 784 547 867 ἡ
574 784 657 869 πρὸς
679 792 724 871 τῷ
750 788 779 848 0
806 786 869 870 ύρα
893 789 1010 869 μείζων
1034 785 1102 851 ἐστὶ
1139 797 1154 846 5

88 897 149 972 τῆς
175 890 258 974 πρὸς
285 898 330 977 τῷ
354 895 397 954 Π.
442 893 501 954 καί
522 889 591 954 ἐστι
618 889 638 972 ἡ
661 887 721 974 μὲν
747 891 831 976 πρὸς
854 901 898 979 τῷ
925 899 953 958 0
981 899 1035 976 ίση
1063 903 1102 979 τῇ

88 996 155 1060 ὑπὸ
179 999 294 1079 ΗΕΘ,
318 996 337 1079 ἡ
362 993 398 1060 δὲ
419 998 503 1082 πρὸς
526 1006 571 1084 τῷ
595 1001 633 1060 Π
654 1003 707 1080 ίση
730 1008 770 1083 τῇ
792 997 858 1062 ὑπὸ
881 1004 991 1064 ΑΕΒ.

412 1193 464 1256 Ad
486 1214 577 1277 prop.
600 1191 783 1259 XXXVHI.

162 1318 211 1381 74.
258 1320 326 1380 Τοῦ
359 1317 502 1400 ὄμματος
536 1314 589 1381 ἐπὶ
622 1327 681 1382 τοῦ
713 1316 853 1404 κέντρου
887 1327 946 1382 τοῦ
978 1319 1103 1383 κύκλου

90 1422 256 1508 κειμένου.
1124 1456 1157 1504 10

162 1549 211 1611 75.
239 1544 377 1630 Ὁμοίως
395 1546 442 1631 δέ,
460 1547 523 1613 κᾶν
543 1547 605 1612 ἀπὸ
625 1556 685 1612 τοῦ
700 1551 733 1612 Γ
745 1546 883 1634 κέντρου
902 1551 984 1634 πρὸς
999 1549 1104 1634 ὀρθὰς

91 1654 266 1739 ἀνασταθη
290 1654 420 1739 εὐθεῖα,
453 1652 506 1718 ἐπὶ
534 1652 571 1718 δὲ
599 1655 719 1736 ταύτης
745 1655 782 1719 τὸ
807 1656 893 1739 ὄμμα
920 1662 1017 1740 τεθῇ,
1049 1653 1105 1722 καὶ

91 1770 304 1845 μετακινηται
323 1763 360 1825 τὸ
379 1761 549 1846 ὁρώμενον
567 1760 708 1845 μέγεθος
725 1762 807 1825 κατὰ
825 1770 883 1844 της
901 1771 961 1826 τοῦ
979 1762 1103 1826 κύκλου

90 1871 303 1953 περιφερείας
320 1868 532 1953 παράλληλον
555 1867 595 1931 ὂν
616 1875 655 1951 τῇ
674 1867 799 1955 εὐθείᾳ,
823 1866 876 1953 ἐφ’
893 1863 932 1951 ἧς
950 1870 987 1933 τὸ
1006 1871 1103 1953 ὄμμα,

92 1982 169 2040 ίοον
192 1973 242 2039 ἀεὶ
265 1975 302 2039 τὸ
326 1973 495 2060 ὁρώμενον
519 1973 713 2057 ὀφθήσεται.
1124 2005 1157 2054 15

476 2170 527 2234 Ad
550 2192 639 2255 prop.
661 2169 728 2234 XL.

162 2296 212 2359 76.
246 2293 356 2377 Λέγω,
385 2295 435 2359 ὅτι
463 2293 482 2377 ἡ
506 2300 572 2359 ΑΒ
600 2300 669 2363 κτλ.
696 2319 726 2378 p.
750 2296 830 2381 220,
853 2295 891 2380 2]
920 2294 1103 2361 τουτέστιν·

93 2403 175 2466 ὅταν
203 2400 223 2482 ἡ
251 2407 284 2465 Α
291 2405 318 2464 Ζ
351 2403 412 2484 τὴν
440 2400 538 2465 θέσιν
570 2400 605 2466 ἐν
638 2411 683 2489 τῷ
711 2403 820 2488 κύκλῳ
849 2403 972 2484 ταύτην
1000 2406 1104 2487 σχοίη,

93 2507 240 2573 ἐλύττων
269 2507 454 2590 ὀφθήσεται
482 2508 579 2592 ἥπερ,
609 2501 732 2594 ὅτεξῆν
756 2506 923 2571 ἀναστᾶσα
950 2510 994 2591 μὴ
1021 2511 1104 2594 πρὸς

94 2613 211 2699 ὀρθύς.
1123 2645 1157 2692 20

167 2829 207 2878 72.
227 2823 322 2878 VVat.
397 2828 438 2879 73.
462 2841 481 2875 x
499 2841 534 2878 m.
550 2829 579 2891 2,
608 2821 715 2876 Om.l
740 2821 769 2875 in
792 2825 872 2876 textu
894 2822 968 2877 inter
991 2823 1050 2877 ἐπι·
1075 2828 1104 2878 ελ

91 2891 277 2965 ·ζευγνομένη
296 2912 322 2963 p.
340 2900 433 2963 212‚5
453 2893 517 2964 (del.
532 2912 567 2947 m.
585 2901 599 2946 2
621 2896 650 2946 et
667 2893 697 2946 in
711 2911 766 2962 mg.
782 2892 864 2963 coll.).
934 2900 974 2949 74.
994 2896 1102 2962 RVat.;

89 2967 268 3107 pfssqpitplffi
288 2971 305 3019 4
322 2967 380 3020 not.
401 2965 461 3020 erit.
535 2970 575 3018 75.
594 2964 783 3035 Rur(M¹Ft).
853 2970 894 3020 76.
913 2965 1100 3035 ἮΒῩαλΜΙ

164 3257 188 3304 3.
213 3247 400 3319 διαγομένων]
425 3265 493 3303 corr.
513 3264 548 3301 ex
571 3245 730 3317 ἃιαγωνίων
752 3249 784 3303 V.
876 3254 899 3302 5.
923 3249 1045 3321 ἡπρύς]
1071 3250 1102 3320 Ο,

93 3320 154 3377 ἐπεί
171 3340 197 3376 x.
289 3327 312 3374 6.
338 3319 405 3390 ἐστι]
425 3317 475 3374 θέλ
494 3336 519 3372 x.
612 3324 635 3373 7.
660 3320 762 3390 ΗΕΘ]
785 3328 841 3374 τῶν
861 3322 953 3374 ΕΘΗ
969 3337 994 3374 x.
1077 3327 1101 3376 9.

91 3403 142 3449 τοῦ
157 3390 273 3460 κέντρου
287 3399 336 3446 τοῦ
352 3390 467 3460 κύκλου]
486 3397 536 3443 τοῦ
548 3397 577 3454 Θ
592 3387 709 3458 κέντρου
723 3390 755 3444 R.
813 3396 854 3445 111.
876 3391 917 3461 Γ]
932 3390 965 3458 R,
988 3407 1040 3445 om.
1056 3410 1101 3448 ru,

130 3470 170 3519 12.
189 3465 272 3534 τεθῇ]
292 3466 430 3533 μετατεθῇ
449 3479 475 3515 u,
541 3465 582 3514 13.
602 3470 791 3529 μετακινεῖται
808 3462 863 3515 Ru.
925 3462 987 3533 τοῦ]
1007 3479 1060 3517 om.
1075 3480 1101 3518 u.

129 3540 170 3590 19.
191 3535 355 3604 ὠφθήσεται
372 3533 406 3603 V,
426 3532 475 3586 sed
495 3548 562 3586 corr.
949 3531 951 3545 '
