2424 3944
121 180 186 246 268
539 182 695 234 SCHOLIA

188 327 241 390 42.
269 326 337 391 Λιά
361 327 398 391 τὸ
422 324 633 411 παράλληλον
652 347 682 408 p.
704 324 778 409 182,
796 323 831 407 6]
855 321 1069 408 παράλληλος
1083 322 1140 386 διὰ

121 441 182 497 τοῦ
205 430 259 515 κη’
278 442 338 497 τοῦ
362 431 396 496 α’
415 444 482 496 τῶν
506 434 695 515 Στοιχείων.

189 575 240 640 43.
270 572 371 660 ’Ἁπερ
396 573 428 650 ἐξ
452 573 596 655 ἀνάγκης
619 581 763 656 φυσικῆς
790 569 842 636 ἐπὶ
866 582 934 636 τῶν
958 569 1140 657 δρωμένων

124 683 265 763 γίνεται,
293 688 395 744 ταῦτα
422 677 477 742 καὶ
504 676 550 742 δι’
575 676 775 755 άποδείξεων
802 679 1036 742 πιστώσασθαι
1058 680 1139 761 βου-

90 800 104 846 5
125 789 262 870 λόμενος
280 784 298 849 δ
313 783 497 869 γεωμέτρης
510 795 578 848 τῶν
592 783 818 869 θεωρημάτων
836 785 1054 867 παραμυθίας
1073 783 1137 849 άπὸ

124 903 191 956 τῶν
209 902 369 976 γραμμῶν
391 894 514 974 κομίζει
536 890 680 965 κύκλους
698 888 902 975 ἀναγράφων
924 889 960 954 έν
978 902 1052 966 ταῖς
1073 891 1137 956 άπὸ

123 1010 191 1063 τῶν
210 997 365 1081 ὀμμάτων
389 995 675 1080 άποπεμπομέναις
698 995 827 1061 άκτῑσιν
849 994 905 1060 καὶ
924 994 1061 1060 ἐπίπεδα
1082 998 1138 1062 διά

123 1116 190 1169 τῶν
218 1102 328 1180 ὄψεων
356 1102 524 1186 ἐκβάλλων
551 1100 606 1167 καὶ
634 1101 728 1188 ἕτερα
754 1111 891 1166 τοιαῦτα
920 1114 1043 1187 ποιῶν,
1077 1106 1137 1189 οὐχ

123 1210 189 1292 ὅτι,
221 1218 323 1274 ταῦτα
350 1205 411 1294 μὲν
439 1208 496 1273 ἐάν
519 1206 667 1292 γένηται,
699 1212 790 1273 ἔσται
819 1208 947 1293 άληθης
973 1210 994 1293 ἡ
1023 1212 1137 1276 τοιάδε

72 1330 105 1379 10
124 1317 227 1380 αὐτοῦ
251 1319 418 1401 πρότασις,
441 1312 496 1379 καὶ
518 1313 597 1379 καθ’
618 1313 658 1379 ὃν
682 1315 781 1391 αύτύς
801 1333 884 1400 φησι
907 1319 1033 1402 τρόπον
1050 1324 1138 1382 θεω-

124 1423 264 1507 ρήσουσι
287 1424 324 1486 τὸ
343 1423 474 1486 τοιόνδε
492 1431 599 1504 σχῆμα
617 1422 655 1485 αί
671 1419 774 1504 ὄψεις,
798 1421 857 1486 ἐὰν
875 1419 911 1486 δὲ
928 1424 972 1506 μὴ
991 1421 1138 1507 γένηται,

123 1532 260 1613 ψευδής·
284 1524 304 1611 ἦ
328 1529 391 1614 γάρ
415 1530 467 1611 άν,
491 1531 521 1592 εί
542 1537 640 1592 τοῦτο
664 1528 770 1605 οὕτως
793 1523 889 1611 εἶχεν,
914 1527 949 1593 ἐν
971 1538 1012 1614 τῇ
1035 1537 1137 1595 πυθα-

124 1638 237 1719 νότητι
269 1647 336 1699 τῶν
364 1633 564 1712 ἀποδείξεων
594 1637 697 1698 ἔκειτο
730 1633 772 1699 άν
804 1635 824 1718 ἡ
852 1636 980 1700 τούτων
1008 1636 1139 1722 εὕρεσις

123 1745 238 1826 μόνον,
263 1740 334 1806 ἀλλ’
357 1741 418 1805 οὐκ
442 1739 478 1805 ἐν
500 1751 540 1826 τῇ
563 1742 663 1825 φύσει
686 1752 753 1805 τῶν
772 1739 959 1825 δρωμένων,
982 1740 1039 1806 καὶ
1058 1766 1137 1829 γρα-

72 1862 104 1910 15
125 1847 280 1933 φομένων
308 1844 368 1932 μὲν
395 1859 463 1912 τῶν
492 1849 624 1912 κύκλων
651 1846 671 1930 ἢ
699 1858 766 1911 τῶν
790 1846 953 1912 ἐπιπέδων
981 1846 1137 1932 ἐκβαλλο-

124 1954 233 2039 μένων
256 1952 380 2040 ἑωρᾶτο
400 1953 442 2019 άν
460 1955 497 2019 τὸ
517 1954 696 2039 ὁρώμενον,
721 1953 765 2029 ὡς
784 1953 802 2018 ὁ
820 1954 1004 2037 Εὐκλείδης
1023 1959 1137 2039 φησίν,

124 2063 167 2145 μὴ
192 2059 376 2144 γινομένων
400 2057 437 2124 δὲ
459 2061 589 2125 τούτων
616 2061 677 2125 ούκ
705 2059 747 2124 άν
771 2059 945 2146 έθεωρεῐτο
971 2071 1137 2145 τοιοῦτον,

124 2167 169 2243 ὡς
192 2161 277 2231 εἶναι
305 2171 431 2250 μᾶλλον
458 2167 539 2231 αύτὸ
568 2167 624 2231 διὰ
651 2168 712 2251 τὴν
735 2165 904 2244 ἀπόδειξιν
932 2167 1038 2245 οὕτως
1062 2172 1137 2252 ἔχον

123 2272 224 2356 ἢδιά
247 2274 307 2356 τὴν
331 2274 442 2356 φύσιν.
488 2274 526 2337 τὸ
555 2269 592 2337 δὲ
621 2273 681 2356 οὐχ
704 2273 810 2350 οὕτως
837 2276 917 2357 ἔχει,
945 2273 1029 2339 άλλά
1058 2275 1136 2360 ὅπερ

71 2393 105 2441 20
125 2378 156 2457 ἐξ
172 2378 316 2462 ἀνάγκης
334 2388 478 2463 φυσικῆς
496 2383 671 2463 συμβαίνει
685 2379 824 2463 πάσχειν
839 2392 910 2457 ταῖς
924 2377 1022 2457 ὄψεσι
1035 2397 1136 2467 προσ-

124 2486 324 2569 βαλλούσαις
351 2495 396 2575 τῷ
425 2487 543 2573 τοιῷδε
571 2487 710 2570 σχήματι
741 2479 815 2551 οἷον
846 2487 1093 2571 κυλινδροειδεῐ
1116 2487 1134 2570 ἢ

123 2593 297 2659 κωνοειδεῖ
326 2591 346 2675 ἢ
379 2594 588 2678 σφαιροειδεῖ
622 2590 674 2657 ἐπὶ
710 2591 812 2657 πλέον
844 2592 1086 2676 άφισταμέναις
1117 2593 1135 2676 ἢ

124 2700 417 2785 προσεγγιζούσαις
453 2700 557 2786 αύτῷ,
599 2708 697 2763 τοῦτο
738 2700 780 2783 δη
817 2702 1021 2783 βουλόμενος
1058 2699 1134 2765 άπο-

125 2807 290 2871 δεικνύειν
309 2803 327 2869 ὁ
347 2805 531 2894 γεωμέτρης
548 2813 795 2891 παραμυθεῖται
813 2808 875 2890 τὴν
894 2804 1065 2883 άπύδειξιν
1081 2808 1134 2871 διά

141 3109 154 3159 t
172 3040 237 3159 2442
258 3033 349 3088 Fvat.
409 3039 452 3087 43.
471 3033 510 3087 V²
528 3033 566 3087 ad
579 3051 657 3103 prop.
668 3039 712 3102 24,
730 3052 749 3102 p
763 3033 794 3086 in
807 3036 888 3088 textu
902 3032 976 3087 inter
988 3050 1087 3104 propp.
1103 3040 1134 3087 23

125 3121 140 3160 e
209 3148 214 3158 .

197 3323 219 3371 1.
244 3315 434 3388 παράλληλος]
455 3334 508 3371 om.
527 3317 557 3371 F.
646 3323 670 3370 2.
695 3315 743 3384 κη’
763 3347 797 3355 -
822 3313 987 3387 Στοιχείων]
1011 3317 1062 3371 κα’
1081 3326 1134 3371 τῶν

125 3386 279 3443 Εκύκλείδον
298 3389 327 3442 F.
393 3394 416 3442 4.
437 3386 569 3456 γίνωνται
587 3407 614 3458 p.
669 3385 851 3459 βουλόμενος]
871 3387 1000 3457 βούλεται
1019 3406 1046 3457 p.
1111 3393 1133 3441 5.

124 3468 179 3514 τῶν
198 3457 400 3530 θεωρημάτων]
421 3476 574 3528 suprascr.
594 3460 627 3513 V.
689 3465 712 3512 6.
732 3457 852 3527 κομίζων
870 3476 897 3527 p.
954 3463 976 3512 7.
998 3459 1091 3513 άκτῑσι
1108 3478 1133 3528 p.

161 3536 202 3586 13.
221 3531 338 3601 τούτων]
357 3539 412 3585 τῶν
430 3531 564 3585 τοιούτων
582 3549 609 3599 p.
682 3535 724 3584 20.
744 3529 967 3600 προσβαλούσαις
984 3548 1011 3599 p.
