2424 3944
434 149 606 201 EUOLIDIS
624 149 763 202 OPTIOA.
1059 147 1103 212 25

87 297 226 378 apparet
241 313 284 359 aa
302 292 534 378 magnitudine.
566 297 829 358 transmeueatur
844 295 955 359 oculus
969 294 1103 378 propius

88 405 123 464 et
148 400 192 465 sit
214 402 236 485 t,
259 422 278 463 a
297 421 361 484 quo
381 399 507 464 accidat
529 399 638 463 radius
657 400 688 464 a
708 422 766 483 per
785 420 814 482 μ.
852 399 1005 483 quoniam
1024 422 1103 485 ergo

89 508 153 571 sub
178 508 273 572 oculo
297 511 331 570 et
352 508 385 571 a
409 506 500 570 radio
525 510 659 590 apparet
682 506 729 591 te,
761 527 839 591 ergo
862 505 905 569 ab
933 528 985 591 ec,
1018 508 1104 590 quod

87 618 141 678 est
162 615 222 699 qd,
249 613 354 678 maius
379 612 548 697 apparebit
571 635 624 698 ec,
651 614 739 698 quod
761 617 811 676 est
834 618 879 677 ct.
925 612 1030 677 uisum
1054 618 1104 678 est

88 724 202 784 autern
225 720 285 784 sub
311 741 348 786 ea
371 741 426 805 aa,
453 719 558 784 maius
583 724 692 784 autem
714 726 753 784 et
779 741 877 802 quam
900 739 950 784 na.
994 719 1104 803 itaque
1142 728 1157 776 5

87 826 263 891 accedente
291 826 421 912 quidem
449 826 542 890 oculo
571 825 688 889 maiori
713 825 817 889 maius
840 830 974 909 apparet
997 848 1106 911 super-

88 955 260 1018 apparens,
283 933 475 998 abscedente
499 953 576 996 uero
600 931 716 996 minus.

160 1126 374 1210 Quaecunque
399 1128 598 1192 alternorum
622 1149 655 1191 se
679 1132 833 1212 superant
856 1150 953 1211 super
976 1129 1106 1193 oculum

87 1234 279 1317 inaequales
303 1234 556 1319 magnitudineS,
583 1234 754 1299 accedente
778 1234 906 1319 quidem
930 1236 1025 1300 ceule
1048 1235 1106 1299 mi-

88 1341 167 1404 nori
199 1341 306 1405 minus
335 1346 483 1426 apparet
502 1362 771 1426 superapparens,
804 1342 995 1405 abscedente
1027 1364 1105 1406 uero
1126 1354 1159 1403 10

90 1447 209 1511 maius

161 1554 227 1619 sint
251 1555 381 1639 quidem
398 1554 584 1637 inaequales
604 1553 803 1636 quantitates
822 1554 875 1636 ab,
891 1555 946 1637 qd,
969 1575 1105 1636 quarum

88 1659 199 1725 maior
221 1661 277 1745 ab,
300 1665 333 1724 et
357 1661 469 1725 oculus
493 1681 517 1743 e,
540 1682 559 1722 a
582 1681 646 1742 quo
671 1659 796 1724 accidat
818 1659 928 1723 radius
948 1680 985 1724 ez
1002 1682 1060 1744 per
1076 1682 1105 1742 μ.

88 1766 248 1851 quoniam
267 1788 344 1852 ergo
364 1767 424 1830 sub
444 1786 481 1831 ea
498 1765 588 1830 radio
608 1765 795 1830 continetur
807 1766 846 1830 ab
865 1770 899 1829 et
913 1767 963 1848 qd
983 1766 1107 1851 magni-

88 1874 188 1958 tude,
214 1873 256 1937 ab
280 1894 358 1959 ergo
382 1872 547 1955 quantitas
572 1871 753 1955 quantitate
775 1873 823 1954 qd
843 1871 948 1936 maior
972 1877 1106 1957 apparet
1126 1884 1159 1934 15

89 2002 146 2062 e0,
177 1980 263 2063 quod
291 1983 340 2043 est
368 2000 419 2044 aa.
465 1978 650 2043 attrahatur
676 1983 786 2042 autem
814 1979 926 2044 oculus
953 1980 1044 2063 prius
1073 1984 1106 2043 et

89 2086 139 2152 sit
161 2086 186 2168 μ’,
215 2107 320 2168 aquo
349 2085 474 2150 accidat
500 2084 610 2149 radius
633 2086 664 2149 tt
688 2107 747 2169 per
771 2106 800 2168 μ.
848 2086 1000 2170 quoniam
1028 2107 1105 2170 ergo

90 2193 211 2259 subit
235 2191 325 2256 radio
349 2192 598 2276 deprehenditur
616 2192 652 2257 bt
678 2196 711 2255 et
731 2194 791 2277 qd,
819 2193 878 2256 sub
902 2212 939 2258 er
966 2215 1043 2257 uere
1066 2194 1106 2258 ab

90 2304 128 2364 et
153 2301 211 2383 qd,
244 2303 294 2363 est
321 2303 431 2362 autern
456 2319 500 2363 aa
527 2298 692 2383 quantitas
721 2299 902 2381 quantitate
930 2304 969 2363 at
994 2301 1106 2382 maior,

167 2568 191 2617 5.
211 2579 244 2617 ez
265 2595 295 2602 —
316 2563 365 2634 at]
384 2563 416 2616 ia
433 2578 488 2617 ras.
507 2578 542 2615 m.
561 2566 577 2614 1
597 2562 634 2615 D.
709 2567 750 2615 16.
769 2560 859 2632 prius]
877 2578 928 2615 scr.
946 2561 1070 2630 propius.

91 2871 119 2920 5.
138 2862 271 2937 ἐβλέπετω
287 2883 311 2918 v.
386 2871 410 2918 6.
429 2864 479 2936 τῷ]
493 2862 525 2916 τό
538 2863 663 2918 BVat.v.
737 2865 841 2936 μεῖζον]
858 2880 910 2917 om.
923 2863 1106 2918 VBVatm.

91 2933 129 2991 δέ
139 2935 222 3006 (alt.)]
242 2952 295 2990 om.
310 2953 346 2989 m.
403 2942 426 2988 7.
446 2943 496 2989 τοῦ
511 2933 643 3005 ὄμματος]
665 2951 748 3003 supra
764 2951 814 2988 scr.
828 2953 864 2989 m.
881 2941 896 2988 2
915 2934 946 2987 Β.
1002 2934 1108 3001 μείζονι

91 3009 191 3077 μεῖζον
209 3007 240 3060 Β.
309 3011 333 3060 8,
353 3003 469 3077 μείζονι]
489 3022 541 3059 om.
557 3005 611 3074 Bv,
630 3024 666 3058 m.
682 3011 697 3058 2
712 3006 777 3060 Vat.
849 3005 962 3059 ἔλαττον
981 3006 1106 3074 BVat.v,

90 3095 164 3133 corr.
183 3096 220 3131 m.
236 3083 251 3130 2
270 3078 336 3131 Vat.
409 3086 433 3131 9.
454 3074 640 3146 φαίνεται-
659 3078 763 3148 μεῖζον]
784 3092 836 3130 om.
852 3076 940 3144 Bmv‚
959 3094 995 3130 m.
1011 3082 1026 3129 2
1041 3077 1107 3132 Vat.

132 3155 173 3203 10.
194 3149 246 3221 ις’]
266 3149 302 3214 ιζ’
319 3149 398 3202 cedd.
456 3153 497 3202 11.
518 3146 625 3219 ἐπάνω]
645 3165 728 3216 supra
748 3164 798 3200 ser.
813 3147 846 3200 V.
906 3152 947 3202 12,
968 3146 1106 3219 ἐλάσσονι]

89 3236 245 3290 suprascr.
260 3238 296 3273 m.
316 3226 332 3272 2
351 3219 384 3274 V.
440 3225 481 3275 13.
501 3219 533 3273 τὸ
547 3218 794 3288 ὑπερφαινόμενοι)
809 3215 942 3287 φαίνεται
959 3237 995 3273 m.
1050 3217 1108 3288 μεί-

91 3293 168 3362 ζονι]
187 3291 217 3344 in
235 3309 289 3346 ras.
309 3291 343 3345 V.
430 3296 472 3344 14.
491 3289 522 3344 τό
540 3323 576 3330 -
595 3296 636 3343 15.
657 3288 744 3360 ὄμμα]
766 3289 831 3343 ἔστω
850 3289 881 3343 τὸ
900 3295 963 3357 ΑΒ,
983 3290 1056 3359 ὄμμα
1076 3287 1108 3344 δέ

90 3365 216 3418 Vat.¹m.
304 3369 346 3418 14.
365 3368 415 3416 ΑΒ
429 3362 512 3433 (alt.)]
531 3366 581 3415 AB
600 3359 648 3415 aad
666 3361 762 3415 Vatu¹
845 3367 887 3414 16.
905 3361 972 3432 ὑπό]
991 3360 1062 3430 ὑπὲρ
1080 3380 1106 3417 r.

133 3438 174 3488 18.
201 3435 262 3507 ZB]
281 3433 312 3488 in
329 3451 383 3489 ras.
402 3435 434 3489 V.
527 3439 568 3488 19.
592 3431 627 3486 τὰ
646 3436 705 3498 ΒΖ,
727 3436 775 3485 ΓΔ
794 3431 862 3504 ἄρα]
882 3449 934 3487 om.
953 3452 990 3486 m.
1063 3439 1106 3486 23.

94 3506 149 3578 τῷ]
168 3505 200 3559 τό
220 3524 245 3561 v.
318 3503 424 3575 μεγέθη
443 3524 469 3560 v.
542 3509 584 3558 24.
605 3503 652 3574 dp]
672 3501 704 3557 δέ
721 3503 818 3558 Vatv.
891 3510 933 3558 27.
955 3503 1027 3560 ἔστιν
1045 3522 1071 3558 ν.
