2424 3944
203 177 243 228 οι
262 177 472 229 οΡοιοοιιοΜ
490 177 746 231 κοοοοωοιοιω
763 180 929 233 ΤΗιιοιυο.
1007 178 1072 242 265

130 320 181 384 38.
213 317 288 384 Ἐὰν
313 318 349 384 ἐν
371 329 417 408 τῷ
441 320 529 408 αὐτῷ
554 320 706 410 ἐπιπέδῳ,
730 321 766 388 έν
790 316 817 410 ᾦ
839 321 953 387 καὶτὸ
976 321 1074 406 ὄμμα,

59 426 188 490 κύκλου
220 425 411 512 περιφέρεια
442 434 541 512 τεθῇ,
578 428 598 511 ἡ
635 437 694 492 τοῦ
727 429 850 494 κύκλου
883 428 1074 515 περιφέρεια

62 531 180 597 εὐθεῖα
202 534 334 617 γραμμὴ
359 536 521 617 φαίνεται.

131 641 213 704 ἔστω
232 639 355 703 κύκλου
374 638 566 726 περιφέρεια
584 641 604 724 ἡ
624 644 684 705 ΓΒ
704 640 740 706 ἐν
758 651 803 729 τῷ
823 643 911 730 αὐτῷ
931 640 1073 730 ἐπιπέδῳ

59 744 210 830 κειμένη,
243 744 279 810 έν
312 740 339 834 ᾧ
369 745 425 812 καὶ
452 748 488 812 τὸ
517 746 604 832 ὄμμα
632 749 669 812 τὸ
697 753 744 831 Α,
777 747 836 833 ἀφ’
862 745 902 814 οὗ
931 747 1075 833 ὄμματος
1111 760 1127 808 5

60 851 357 936 προσπιπτέτωσαν
381 853 509 930 ἀκτῖνες
537 855 574 918 αί
595 859 675 937 ΑΒ,
695 860 774 938 ΑΔ,
794 861 875 939 ΑΕ,
894 861 926 920 Α
933 861 974 939 Ζ,
992 860 1074 939 ΑΗ,

60 964 96 1023 Α
104 963 142 1042 Θ,
160 962 234 1022 ΑΓ.
277 957 371 1042 λέγω,
395 959 445 1024 ὅτι
469 960 489 1044 ἡ
513 964 581 1024 ΒΓ
597 962 721 1025 κύκλου
744 961 937 1048 περιφέρεια
960 962 1074 1026 εύθεία

62 1071 227 1150 φαίνεται.
264 1068 389 1131 κείσθω
409 1071 693 1154 τῆςπεριφερείας
712 1069 749 1133 τὸ
764 1066 903 1155 κέντρου
920 1067 976 1133 καὶ
993 1072 1074 1134 έστω

62 2168 100 2232 τὸ
129 2169 175 2249 K,
207 2163 262 2230 καὶ
290 2165 538 2249 ἐπεζεύχθωσαν
565 2165 694 2229 εὐθεῖαι
725 2166 762 2229 αί
787 2168 867 2249 ΚΒ,
890 2171 975 2249 ΚΛ,
998 2170 1074 2251 ΚΕ,

62 2276 145 2354 ΚΖ,
164 2275 249 2354 ΚΗ,
269 2277 346 2356 ΚΘ,
365 2276 437 2336 ΚΓ.
482 2271 551 2337 ἐπεὶ
574 2268 636 2338 οὗν
659 2271 678 2354 ἡ
702 2276 768 2336 ΚΒ
793 2273 908 2338 εὐθεῖα
930 2274 995 2338 ὑπὸ
1019 2283 1076 2357 τῆς
1095 2283 1129 2333 10

62 2378 129 2442 ὑπὸ
157 2381 260 2443 ΚΑΒ
292 2383 416 2462 γωνίας
448 2377 577 2465 ὁρᾶται,
610 2377 630 2461 ἡ
663 2375 700 2443 δὲ
727 2382 798 2443 ΚΛ
828 2379 893 2444 ὑπὸ
922 2389 979 2463 τῆς
1009 2381 1074 2445 ὑπὸ

63 2489 182 2567 ΚΑΛ,
204 2483 225 2567 ἡ
250 2483 286 2550 δὲ
304 2491 372 2551 ΚΒ
392 2486 457 2550 ὑπὸ
481 2495 539 2569 τῆς
560 2486 626 2549 ὑπὸ
646 2489 760 2567 ΚΑΒ,
783 2488 901 2568 μείζων
925 2487 989 2570 ἄρα
1012 2510 1075 2567 φα-

62 2592 198 2674 νήσεται
217 2591 237 2675 ἡ
255 2588 315 2676 μὲν
334 2596 398 2656 ΚΒ
418 2601 475 2675 τῆς
493 2595 573 2674 ΚΔ,
591 2589 611 2672 ἡ
632 2586 669 2654 δὲ
687 2594 756 2655 ΚΔ
775 2598 833 2673 τῆς
851 2584 924 2654 ΚΕ.
956 2587 1076 2674 ὁμοίως

62 2695 121 2762 καὶ
144 2697 179 2762 έκ
197 2706 258 2762 τοῦ
278 2697 390 2785 ἑτέρου
409 2697 529 2784 μέρους
551 2697 571 2780 ἡ
590 2693 651 2780 μὲν
670 2700 740 2760 ΚΓ
757 2699 874 2780 μείζων
893 2697 1075 2780 φανήσεται

62 2812 121 2886 τῆς
145 2808 227 2887 ΚΘ,
250 2803 270 2886 ἡ
294 2801 331 2868 δέ
354 2809 421 2869 ΚΘ
443 2813 501 2887 τῆς
523 2807 603 2868 ΚΗ.
651 2801 720 2868 ἐπεὶ
743 2799 804 2868 οὖν
827 2803 864 2867 τὸ
888 2802 969 2867 αὐτὸ
993 2820 1074 2887 συμ-
1094 2815 1128 2863 15

63 2913 187 2993 βαίνει,
211 2910 290 2997 ὅπερ
314 2910 355 2975 ἂν
378 2914 447 2994 καί,
476 2912 507 2974 εί
527 2909 643 2974 εύθεία
666 2908 817 2974 ὑπέκειτο
839 2908 860 2992 ἡ
883 2908 1075 2995 περιφέρεια

64 3015 84 3099 ἡ
109 3019 186 3099 ΒΓ,
214 3016 402 3100 συνέβαινε,
430 3017 467 3081 τὸ
495 3017 553 3091 τὰς
581 3021 654 3092 ίσας
682 3016 808 3100 δηλαδὴ
837 3014 973 3092 ἀνίσους
1002 3021 1076 3100 φαί-

136 3177 178 3226 38.
197 3173 308 3242 ΜΒ(Β,
322 3173 386 3228 Vat.
401 3191 437 3227 m.
453 3179 477 3241 2,
492 3173 582 3242 Aqu).

137 3322 160 3368 1.
181 3314 268 3378 ἄλλως
286 3323 335 3369 τοῦ
354 3313 433 3383 κγ’ἡ
453 3313 538 3378 δεῖξις
556 3313 598 3382 M,
623 3313 710 3376 ἄλλως
727 3314 759 3368 τὸ
778 3314 825 3385 ιβ’
841 3331 867 3381 q.
941 3314 1003 3388 ἐοίν]
1023 3315 1074 3370 ἐὰν

65 3385 119 3456 γάρ
139 3386 204 3441 vat.
288 3391 364 3439 1-3.
385 3402 438 3439 om.
458 3385 513 3452 Aq.
596 3391 620 3440 2.
640 3387 658 3456 ἡ
677 3417 712 3426 -
731 3390 755 3439 4.
775 3385 890 3457 κύκλου]
909 3403 945 3440 m.
964 3403 1016 3440 rec.
1036 3387 1073 3441 M.

100 3463 124 3512 8.
145 3455 262 3529 κείσθω]
282 3456 409 3526 εἰλήφθω
428 3473 454 3524 q.
523 3461 565 3510 16.
586 3455 671 3580 ew,
691 3473 743 3510 om.
758 3455 825 3510 MR.
889 3456 907 3525 ἡ
928 3461 984 3510 ΒΓ
997 3475 1074 3527 περι-

64 3527 164 3599 φέρεια
183 3547 209 3597 q.
283 3525 458 3599 περιφέρεια]
479 3525 566 3597 γωνία
585 3528 614 3580 Μ
646 3528 679 3582 R.
