<?xml version="1.0" encoding="UTF-8"?>
<!DOCTYPE html PUBLIC "-//W3C//DTD XHTML 1.0 Transitional//EN"
    "http://www.w3.org/TR/xhtml1/DTD/xhtml1-transitional.dtd">
<html xmlns="http://www.w3.org/1999/xhtml" xml:lang="en" lang="en">
 <head>
  <title>
</title>
<meta http-equiv="Content-Type" content="text/html;charset=utf-8" />
  <meta name='ocr-system' content='tesseract 3.04.00' />
  <meta name='ocr-capabilities' content='ocr_page ocr_carea ocr_par ocr_line ocrx_word'/>
</head>
<body>
  <div class='ocr_page' id='page_1' title='image "./euclidisoperaom01unkngoog_0265.png"; bbox 0 0 2424 3944; ppageno 0'>
   <div class='ocr_carea' id='block_1_1' title="bbox 123 151 928 218">
    <p class='ocr_par' dir='ltr' id='par_1_1' title="bbox 123 151 928 218">
     <span class='ocr_line' id='line_1_1' title="bbox 123 151 928 218; baseline -0.002 -12"><span class='ocrx_word' id='word_1_1' title='bbox 123 151 190 218; x_wconf 74' lang='lat'><strong><em>202</em></strong></span> <span class='ocrx_word' id='word_1_2' title='bbox 333 152 545 205; x_wconf 67' lang='lat' dir='ltr'><strong>ovrlcomm</strong></span> <span class='ocrx_word' id='word_1_3' title='bbox 562 152 742 204; x_wconf 68' lang='lat' dir='ltr'><strong>mommo</strong></span> <span class='ocrx_word' id='word_1_4' title='bbox 761 152 928 204; x_wconf 71' lang='lat' dir='ltr'><strong>mmm.</strong></span> 
     </span>
    </p>
   </div>
   <div class='ocr_carea' id='block_1_2' title="bbox 72 292 1138 1982">
    <p class='ocr_par' dir='ltr' id='par_1_2' title="bbox 123 292 1138 594">
     <span class='ocr_line' id='line_1_2' title="bbox 188 292 1138 381; baseline -0.001 -19"><span class='ocrx_word' id='word_1_5' title='bbox 188 295 285 362; x_wconf 76' lang='grc' dir='ltr'><strong><em>Ἀλλὰ</em></strong></span> <span class='ocrx_word' id='word_1_6' title='bbox 307 299 350 381; x_wconf 79' lang='grc' dir='ltr'><strong><em>δή</em></strong></span> <span class='ocrx_word' id='word_1_7' title='bbox 373 297 394 380; x_wconf 89' lang='grc' dir='ltr'><strong><em>ή</em></strong></span> <span class='ocrx_word' id='word_1_8' title='bbox 416 301 483 361; x_wconf 92' lang='grc' dir='ltr'><strong><em>ΑΖ</em></strong></span> <span class='ocrx_word' id='word_1_9' title='bbox 505 298 586 380; x_wconf 85' lang='grc' dir='ltr'><strong><em>μήτε</em></strong></span> <span class='ocrx_word' id='word_1_10' title='bbox 608 301 663 377; x_wconf 78' lang='grc' dir='ltr'><strong><em>ἴση</em></strong></span> <span class='ocrx_word' id='word_1_11' title='bbox 686 297 770 360; x_wconf 86' lang='grc' dir='ltr'><strong><em>ἐστω</em></strong></span> <span class='ocrx_word' id='word_1_12' title='bbox 792 305 833 380; x_wconf 82' lang='grc' dir='ltr'><strong><em>τῇ</em></strong></span> <span class='ocrx_word' id='word_1_13' title='bbox 855 292 892 359; x_wconf 77' lang='grc' dir='ltr'><strong><em>ἐκ</em></strong></span> <span class='ocrx_word' id='word_1_14' title='bbox 913 303 976 360; x_wconf 87' lang='grc' dir='ltr'><strong><em>τοῦ</em></strong></span> <span class='ocrx_word' id='word_1_15' title='bbox 998 293 1138 380; x_wconf 77' lang='grc' dir='ltr'><strong><em>κέντρου</em></strong></span> 
     </span>
     <span class='ocr_line' id='line_1_3' title="bbox 123 399 1138 491; baseline -0.001 -22"><span class='ocrx_word' id='word_1_16' title='bbox 123 407 203 489; x_wconf 86' lang='grc' dir='ltr'><strong><em>μήτε</em></strong></span> <span class='ocrx_word' id='word_1_17' title='bbox 225 406 310 491; x_wconf 89' lang='grc' dir='ltr'><strong><em>πρὸς</em></strong></span> <span class='ocrx_word' id='word_1_18' title='bbox 331 404 439 488; x_wconf 79' lang='grc' dir='ltr'><strong><em>ὀρθὰς</em></strong></span> <span class='ocrx_word' id='word_1_19' title='bbox 460 413 506 490; x_wconf 80' lang='grc' dir='ltr'><strong><em>τῷ</em></strong></span> <span class='ocrx_word' id='word_1_20' title='bbox 528 412 590 467; x_wconf 86' lang='grc' dir='ltr'><strong><em>τοῦ</em></strong></span> <span class='ocrx_word' id='word_1_21' title='bbox 606 404 731 466; x_wconf 76' lang='grc' dir='ltr'><strong><em>κύκλου</em></strong></span> <span class='ocrx_word' id='word_1_22' title='bbox 752 400 907 489; x_wconf 87' lang='grc' dir='ltr'><strong><em>ἐπιπέδῳ,</em></strong></span> <span class='ocrx_word' id='word_1_23' title='bbox 930 407 1006 479; x_wconf 86' lang='grc' dir='ltr'><strong><em>ἴσας</em></strong></span> <span class='ocrx_word' id='word_1_24' title='bbox 1023 399 1063 468; x_wconf 73' lang='grc' dir='ltr'><strong><em>δὲ</em></strong></span> <span class='ocrx_word' id='word_1_25' title='bbox 1082 426 1138 486; x_wconf 86' lang='grc' dir='ltr'><strong><em>γω-</em></strong></span> 
     </span>
     <span class='ocr_line' id='line_1_4' title="bbox 124 509 643 594; baseline -0.006 -18"><span class='ocrx_word' id='word_1_26' title='bbox 124 515 199 588; x_wconf 94' lang='grc' dir='ltr'><strong><em>νίας</em></strong></span> <span class='ocrx_word' id='word_1_27' title='bbox 219 515 353 576; x_wconf 77' lang='grc' dir='ltr'><strong><em>ποιείτω</em></strong></span> <span class='ocrx_word' id='word_1_28' title='bbox 371 511 430 586; x_wconf 89' lang='grc' dir='ltr'><strong><em>τὰς</em></strong></span> <span class='ocrx_word' id='word_1_29' title='bbox 449 509 516 574; x_wconf 83' lang='grc' dir='ltr'><strong><em>ὑπὸ</em></strong></span> <span class='ocrx_word' id='word_1_30' title='bbox 534 513 643 594; x_wconf 89' lang='grc' dir='ltr'><strong><em>ΔΑΖ,</em></strong></span> 
     </span>
    </p>

    <p class='ocr_par' dir='ltr' id='par_1_3' title="bbox 72 615 1130 1982">
     <span class='ocr_line' id='line_1_5' title="bbox 126 615 644 700; baseline -0.004 -18"><span class='ocrx_word' id='word_1_31' title='bbox 126 616 291 682; x_wconf 81' lang='grc' dir='ltr'><strong><em>ΖΑΓκαῖ</em></strong></span> <span class='ocrx_word' id='word_1_32' title='bbox 303 621 414 700; x_wconf 86' lang='lat' dir='ltr'><em>EAZ,</em></span> <span class='ocrx_word' id='word_1_33' title='bbox 425 621 530 681; x_wconf 90' lang='lat' dir='ltr'><em>ZAB.</em></span> <span class='ocrx_word' id='word_1_34' title='bbox 548 615 644 697; x_wconf 74' lang='grc' dir='ltr'><strong><em>λέγω,</em></strong></span> 
     </span>
     <span class='ocr_line' id='line_1_6' title="bbox 88 722 644 807; baseline -0.005 -18"><span class='ocrx_word' id='word_1_35' title='bbox 88 726 176 791; x_wconf 72' lang='grc' dir='ltr'><strong><em>οὸτι</em></strong></span> <span class='ocrx_word' id='word_1_36' title='bbox 202 722 258 789; x_wconf 81' lang='grc' dir='ltr'><strong><em>καὶ</em></strong></span> <span class='ocrx_word' id='word_1_37' title='bbox 284 725 392 800; x_wconf 80' lang='grc' dir='ltr'><strong><em>οὕτως</em></strong></span> <span class='ocrx_word' id='word_1_38' title='bbox 415 725 454 788; x_wconf 72' lang='grc' dir='ltr'><strong><em>αι’</em></strong></span> <span class='ocrx_word' id='word_1_39' title='bbox 474 723 644 807; x_wconf 79' lang='grc' dir='ltr'><strong><em>διάμετροι</em></strong></span> 
     </span>
     <span class='ocr_line' id='line_1_7' title="bbox 125 828 644 916; baseline -0.008 -19"><span class='ocrx_word' id='word_1_40' title='bbox 125 838 194 897; x_wconf 89' lang='grc' dir='ltr'><strong><em>ἴσαι</em></strong></span> <span class='ocrx_word' id='word_1_41' title='bbox 221 833 437 916; x_wconf 82' lang='grc' dir='ltr'><strong><em>φανήσονται.</em></strong></span> <span class='ocrx_word' id='word_1_42' title='bbox 483 828 553 894; x_wconf 82' lang='grc' dir='ltr'><strong><em>ἐπεὶ</em></strong></span> <span class='ocrx_word' id='word_1_43' title='bbox 580 831 644 914; x_wconf 88' lang='grc' dir='ltr'><strong><em>γὰρ</em></strong></span> 
     </span>
     <span class='ocr_line' id='line_1_8' title="bbox 124 935 643 1022; baseline -0.002 -20"><span class='ocrx_word' id='word_1_44' title='bbox 124 945 179 1020; x_wconf 92' lang='grc' dir='ltr'><strong><em>ἴση</em></strong></span> <span class='ocrx_word' id='word_1_45' title='bbox 212 935 303 1002; x_wconf 82' lang='grc' dir='ltr'><strong><em>ἐστὶν</em></strong></span> <span class='ocrx_word' id='word_1_46' title='bbox 339 938 359 1021; x_wconf 87' lang='grc' dir='ltr'><strong><em>ή</em></strong></span> <span class='ocrx_word' id='word_1_47' title='bbox 392 943 460 1002; x_wconf 88' lang='grc' dir='ltr'><strong><em>ΔΑ</em></strong></span> <span class='ocrx_word' id='word_1_48' title='bbox 490 948 531 1022; x_wconf 82' lang='grc' dir='ltr'><strong><em>τή</em></strong></span> <span class='ocrx_word' id='word_1_49' title='bbox 563 940 643 1020; x_wconf 90' lang='grc' dir='ltr'><strong><em>ΑΓ,</em></strong></span> 
     </span>
     <span class='ocr_line' id='line_1_9' title="bbox 122 1041 645 1128; baseline -0.002 -20"><span class='ocrx_word' id='word_1_50' title='bbox 122 1046 219 1128; x_wconf 82' lang='grc' dir='ltr'><strong><em>κοινή</em></strong></span> <span class='ocrx_word' id='word_1_51' title='bbox 242 1041 280 1108; x_wconf 74' lang='grc' dir='ltr'><strong><em>δὲ</em></strong></span> <span class='ocrx_word' id='word_1_52' title='bbox 302 1043 322 1126; x_wconf 87' lang='grc' dir='ltr'><strong><em>ή</em></strong></span> <span class='ocrx_word' id='word_1_53' title='bbox 347 1050 380 1107; x_wconf 88' lang='grc' dir='ltr'><em>Α</em></span> <span class='ocrx_word' id='word_1_54' title='bbox 385 1048 423 1126; x_wconf 91' lang='grc' dir='ltr'><strong><em>Ζ,</em></strong></span> <span class='ocrx_word' id='word_1_55' title='bbox 445 1041 502 1107; x_wconf 78' lang='grc' dir='ltr'><strong><em>καὶ</em></strong></span> <span class='ocrx_word' id='word_1_56' title='bbox 521 1047 645 1125; x_wconf 90' lang='grc' dir='ltr'><strong><em>γωνίας</em></strong></span> 
     </span>
     <span class='ocr_line' id='line_1_10' title="bbox 125 1148 644 1236; baseline -0.002 -21"><span class='ocrx_word' id='word_1_57' title='bbox 125 1157 198 1227; x_wconf 90' lang='grc' dir='ltr'><strong><em>ἴσας</em></strong></span> <span class='ocrx_word' id='word_1_58' title='bbox 219 1148 440 1236; x_wconf 80' lang='grc' dir='ltr'><strong><em>περιέχουσιν,</em></strong></span> <span class='ocrx_word' id='word_1_59' title='bbox 462 1150 560 1233; x_wconf 83' lang='grc' dir='ltr'><strong><em>βάσις</em></strong></span> <span class='ocrx_word' id='word_1_60' title='bbox 579 1152 644 1236; x_wconf 87' lang='grc' dir='ltr'><strong><em>άρα</em></strong></span> 
     </span>
     <span class='ocr_line' id='line_1_11' title="bbox 72 1256 732 1341; baseline -0.003 -18"><span class='ocrx_word' id='word_1_61' title='bbox 72 1257 145 1341; x_wconf 81' lang='grc' dir='ltr'><strong><em>ιοή</em></strong></span> <span class='ocrx_word' id='word_1_62' title='bbox 176 1262 243 1322; x_wconf 86' lang='grc' dir='ltr'><strong><em>ΛΖ</em></strong></span> <span class='ocrx_word' id='word_1_63' title='bbox 283 1256 378 1341; x_wconf 81' lang='grc' dir='ltr'><strong><em>βάσει</em></strong></span> <span class='ocrx_word' id='word_1_64' title='bbox 413 1266 453 1341; x_wconf 72' lang='grc' dir='ltr'><strong><em>τῇ</em></strong></span> <span class='ocrx_word' id='word_1_65' title='bbox 488 1260 555 1322; x_wconf 91' lang='grc' dir='ltr'><strong><em>ΖΓ</em></strong></span> <span class='ocrx_word' id='word_1_66' title='bbox 589 1263 643 1339; x_wconf 79' lang='grc' dir='ltr'><strong><em>ἴση</em></strong></span> <span class='ocrx_word' id='word_1_67' title='bbox 729 1308 732 1321; x_wconf 93' lang='grc'><strong><em>.</em></strong></span> 
     </span>
     <span class='ocr_line' id='line_1_12' title="bbox 124 1362 645 1447; baseline -0.002 -19"><span class='ocrx_word' id='word_1_68' title='bbox 124 1362 215 1429; x_wconf 82' lang='grc' dir='ltr'><strong><em>ἐστὶν</em></strong></span> <span class='ocrx_word' id='word_1_69' title='bbox 233 1362 289 1428; x_wconf 81' lang='grc' dir='ltr'><strong><em>καὶ</em></strong></span> <span class='ocrx_word' id='word_1_70' title='bbox 303 1367 408 1447; x_wconf 80' lang='grc' dir='ltr'><strong><em>γωνία</em></strong></span> <span class='ocrx_word' id='word_1_71' title='bbox 426 1362 526 1446; x_wconf 83' lang='grc' dir='ltr'><strong><em>ήὺπὸ</em></strong></span> <span class='ocrx_word' id='word_1_72' title='bbox 539 1369 645 1429; x_wconf 87' lang='grc' dir='ltr'><strong><em>ΔΖΑ</em></strong></span> 
     </span>
     <span class='ocr_line' id='line_1_13' title="bbox 123 1469 644 1556; baseline -0.002 -21"><span class='ocrx_word' id='word_1_73' title='bbox 123 1481 163 1556; x_wconf 77' lang='grc' dir='ltr'><strong><em>τῇ</em></strong></span> <span class='ocrx_word' id='word_1_74' title='bbox 194 1470 261 1535; x_wconf 84' lang='grc' dir='ltr'><strong><em>ὑπὸ</em></strong></span> <span class='ocrx_word' id='word_1_75' title='bbox 289 1473 397 1535; x_wconf 89' lang='grc' dir='ltr'><strong><em>ΑΖΓ.</em></strong></span> <span class='ocrx_word' id='word_1_76' title='bbox 452 1469 574 1554; x_wconf 87' lang='grc' dir='ltr'><strong><em>ὁμοίως</em></strong></span> <span class='ocrx_word' id='word_1_77' title='bbox 602 1471 644 1552; x_wconf 85' lang='grc' dir='ltr'><strong><em>δή</em></strong></span> 
     </span>
     <span class='ocr_line' id='line_1_14' title="bbox 124 1575 643 1662; baseline -0.002 -21"><span class='ocrx_word' id='word_1_78' title='bbox 124 1575 291 1662; x_wconf 73' lang='grc' dir='ltr'><strong><em>δείξομεν,</em></strong></span> <span class='ocrx_word' id='word_1_79' title='bbox 333 1579 384 1642; x_wconf 84' lang='grc' dir='ltr'><strong><em>ὅτι</em></strong></span> <span class='ocrx_word' id='word_1_80' title='bbox 425 1575 481 1642; x_wconf 77' lang='grc' dir='ltr'><strong><em>καὶ</em></strong></span> <span class='ocrx_word' id='word_1_81' title='bbox 520 1576 540 1659; x_wconf 78' lang='grc' dir='ltr'><strong><em>ἡ</em></strong></span> <span class='ocrx_word' id='word_1_82' title='bbox 577 1577 643 1641; x_wconf 86' lang='grc' dir='ltr'><strong><em>ὑπὸ</em></strong></span> 
     </span>
     <span class='ocr_line' id='line_1_15' title="bbox 124 1682 644 1769; baseline 0 -20"><span class='ocrx_word' id='word_1_83' title='bbox 124 1689 225 1749; x_wconf 87' lang='grc' dir='ltr'><strong><em>ΕΖΑ</em></strong></span> <span class='ocrx_word' id='word_1_84' title='bbox 256 1693 296 1769; x_wconf 73' lang='grc' dir='ltr'><strong><em>τῇ</em></strong></span> <span class='ocrx_word' id='word_1_85' title='bbox 327 1685 393 1749; x_wconf 84' lang='grc' dir='ltr'><strong><em>ὑπὸ</em></strong></span> <span class='ocrx_word' id='word_1_86' title='bbox 421 1689 521 1748; x_wconf 88' lang='grc' dir='ltr'><strong><em>ΑΖΒ</em></strong></span> <span class='ocrx_word' id='word_1_87' title='bbox 554 1682 644 1749; x_wconf 87' lang='grc' dir='ltr'><strong><em>ἐστιν</em></strong></span> 
     </span>
     <span class='ocr_line' id='line_1_16' title="bbox 72 1789 1130 1877; baseline 0 -21"><span class='ocrx_word' id='word_1_88' title='bbox 72 1808 106 1856; x_wconf 81' lang='lat'><strong><em>15</em></strong></span> <span class='ocrx_word' id='word_1_89' title='bbox 125 1797 189 1875; x_wconf 85' lang='grc' dir='ltr'><strong><em>ἴση.</em></strong></span> <span class='ocrx_word' id='word_1_90' title='bbox 235 1791 295 1874; x_wconf 80' lang='grc' dir='ltr'><strong><em>ὅλη</em></strong></span> <span class='ocrx_word' id='word_1_91' title='bbox 322 1793 387 1875; x_wconf 85' lang='grc' dir='ltr'><strong><em>άρα</em></strong></span> <span class='ocrx_word' id='word_1_92' title='bbox 413 1790 434 1873; x_wconf 88' lang='grc' dir='ltr'><strong><em>ή</em></strong></span> <span class='ocrx_word' id='word_1_93' title='bbox 461 1790 526 1855; x_wconf 87' lang='grc' dir='ltr'><strong><em>ὑπὸ</em></strong></span> <span class='ocrx_word' id='word_1_94' title='bbox 549 1795 650 1855; x_wconf 88' lang='grc' dir='ltr'><strong><em>ΔΖΒ</em></strong></span> <span class='ocrx_word' id='word_1_95' title='bbox 679 1792 738 1876; x_wconf 78' lang='grc' dir='ltr'><strong><em>ὅλη</em></strong></span> <span class='ocrx_word' id='word_1_96' title='bbox 766 1800 805 1877; x_wconf 77' lang='grc' dir='ltr'><strong><em>τῇ</em></strong></span> <span class='ocrx_word' id='word_1_97' title='bbox 832 1790 897 1855; x_wconf 87' lang='grc' dir='ltr'><strong><em>ὑπὸ</em></strong></span> <span class='ocrx_word' id='word_1_98' title='bbox 923 1794 1028 1855; x_wconf 86' lang='grc' dir='ltr'><strong><em>ΕΖΓ</em></strong></span> <span class='ocrx_word' id='word_1_99' title='bbox 1051 1789 1130 1856; x_wconf 88' lang='grc' dir='ltr'><strong><em>ἐστιν</em></strong></span> 
     </span>
     <span class='ocr_line' id='line_1_17' title="bbox 125 1898 898 1982; baseline 0 -20"><span class='ocrx_word' id='word_1_100' title='bbox 125 1903 188 1981; x_wconf 86' lang='grc' dir='ltr'><strong><em>ἴση.</em></strong></span> <span class='ocrx_word' id='word_1_101' title='bbox 234 1899 318 1962; x_wconf 81' lang='grc' dir='ltr'><strong><em>ὥστε</em></strong></span> <span class='ocrx_word' id='word_1_102' title='bbox 340 1899 378 1961; x_wconf 71' lang='grc' dir='ltr'><strong><em>αι’</em></strong></span> <span class='ocrx_word' id='word_1_103' title='bbox 398 1898 567 1981; x_wconf 75' lang='grc' dir='ltr'><strong><em>διάμετροι</em></strong></span> <span class='ocrx_word' id='word_1_104' title='bbox 591 1903 660 1962; x_wconf 92' lang='grc' dir='ltr'><strong><em>ἴσαι</em></strong></span> <span class='ocrx_word' id='word_1_105' title='bbox 683 1900 898 1982; x_wconf 85' lang='grc' dir='ltr'><strong><em>φανήσονται.</em></strong></span> 
     </span>
    </p>
   </div>
   <div class='ocr_carea' id='block_1_3' title="bbox 70 2092 1132 3154">
    <p class='ocr_par' dir='ltr' id='par_1_4' title="bbox 604 2092 667 2161">
     <span class='ocr_line' id='line_1_18' title="bbox 604 2092 667 2161; baseline 0 -3"><span class='ocrx_word' id='word_1_106' title='bbox 604 2092 667 2161; x_wconf 78' lang='grc' dir='ltr'><strong><em>λς’.</em></strong></span> 
     </span>
    </p>

    <p class='ocr_par' dir='ltr' id='par_1_5' title="bbox 123 2212 1132 2411">
     <span class='ocr_line' id='line_1_19' title="bbox 188 2212 1132 2303; baseline 0.003 -25"><span class='ocrx_word' id='word_1_107' title='bbox 188 2212 265 2279; x_wconf 86' lang='grc' dir='ltr'><strong><em>Ἐάν</em></strong></span> <span class='ocrx_word' id='word_1_108' title='bbox 287 2212 325 2279; x_wconf 81' lang='grc' dir='ltr'><strong><em>δέ</em></strong></span> <span class='ocrx_word' id='word_1_109' title='bbox 347 2214 367 2298; x_wconf 87' lang='grc' dir='ltr'><strong><em>ή</em></strong></span> <span class='ocrx_word' id='word_1_110' title='bbox 392 2215 455 2281; x_wconf 87' lang='grc' dir='ltr'><strong><em>άπὸ</em></strong></span> <span class='ocrx_word' id='word_1_111' title='bbox 476 2225 537 2281; x_wconf 84' lang='grc' dir='ltr'><strong><em>τοῦ</em></strong></span> <span class='ocrx_word' id='word_1_112' title='bbox 555 2216 701 2302; x_wconf 76' lang='grc' dir='ltr'><strong><em>ὄμματος</em></strong></span> <span class='ocrx_word' id='word_1_113' title='bbox 722 2218 806 2303; x_wconf 90' lang='grc' dir='ltr'><strong><em>πρὸς</em></strong></span> <span class='ocrx_word' id='word_1_114' title='bbox 823 2218 861 2282; x_wconf 92' lang='grc' dir='ltr'><strong><em>τὸ</em></strong></span> <span class='ocrx_word' id='word_1_115' title='bbox 879 2215 1021 2303; x_wconf 83' lang='grc' dir='ltr'><strong><em>κέντρον</em></strong></span> <span class='ocrx_word' id='word_1_116' title='bbox 1039 2231 1132 2302; x_wconf 86' lang='grc' dir='ltr'><strong><em>προσ-</em></strong></span> 
     </span>
     <span class='ocr_line' id='line_1_20' title="bbox 123 2318 1131 2411; baseline 0.005 -27"><span class='ocrx_word' id='word_1_117' title='bbox 123 2324 288 2386; x_wconf 87' lang='grc' dir='ltr'><strong><em>πίπτουσα</em></strong></span> <span class='ocrx_word' id='word_1_118' title='bbox 307 2329 367 2385; x_wconf 86' lang='grc' dir='ltr'><strong><em>ιοῦ</em></strong></span> <span class='ocrx_word' id='word_1_119' title='bbox 383 2322 507 2387; x_wconf 81' lang='grc' dir='ltr'><strong><em>κύκλον</em></strong></span> <span class='ocrx_word' id='word_1_120' title='bbox 521 2325 602 2407; x_wconf 88' lang='grc' dir='ltr'><strong><em>μήτε</em></strong></span> <span class='ocrx_word' id='word_1_121' title='bbox 619 2326 703 2410; x_wconf 88' lang='grc' dir='ltr'><strong><em>πρὸς</em></strong></span> <span class='ocrx_word' id='word_1_122' title='bbox 718 2323 825 2410; x_wconf 76' lang='grc' dir='ltr'><strong><em>ὀρθάς</em></strong></span> <span class='ocrx_word' id='word_1_123' title='bbox 838 2318 859 2411; x_wconf 86' lang='grc' dir='ltr'><strong><em>ή</em></strong></span> <span class='ocrx_word' id='word_1_124' title='bbox 878 2333 923 2411; x_wconf 77' lang='grc' dir='ltr'><strong><em>τῷ</em></strong></span> <span class='ocrx_word' id='word_1_125' title='bbox 939 2332 1001 2387; x_wconf 83' lang='grc' dir='ltr'><strong><em>τοῦ</em></strong></span> <span class='ocrx_word' id='word_1_126' title='bbox 1015 2325 1131 2389; x_wconf 79' lang='grc' dir='ltr'><strong><em>κύκλου</em></strong></span> 
     </span>
    </p>

    <p class='ocr_par' dir='ltr' id='par_1_6' title="bbox 70 2424 1132 3154">
     <span class='ocr_line' id='line_1_21' title="bbox 71 2424 1132 2517; baseline 0.002 -24"><span class='ocrx_word' id='word_1_127' title='bbox 71 2445 106 2493; x_wconf 78' lang='lat'><strong><em>20</em></strong></span> <span class='ocrx_word' id='word_1_128' title='bbox 126 2426 266 2516; x_wconf 77' lang='grc' dir='ltr'><strong><em>ἐπιπέδῳ</em></strong></span> <span class='ocrx_word' id='word_1_129' title='bbox 285 2430 365 2513; x_wconf 85' lang='grc' dir='ltr'><strong><em>μήτε</em></strong></span> <span class='ocrx_word' id='word_1_130' title='bbox 384 2435 438 2512; x_wconf 89' lang='grc' dir='ltr'><strong><em>ἴση</em></strong></span> <span class='ocrx_word' id='word_1_131' title='bbox 457 2424 478 2516; x_wconf 81' lang='grc' dir='ltr'><strong><em>ᾖ</em></strong></span> <span class='ocrx_word' id='word_1_132' title='bbox 497 2440 536 2516; x_wconf 80' lang='grc' dir='ltr'><strong><em>τῇ</em></strong></span> <span class='ocrx_word' id='word_1_133' title='bbox 551 2429 586 2494; x_wconf 85' lang='grc' dir='ltr'><strong><em>ἐκ</em></strong></span> <span class='ocrx_word' id='word_1_134' title='bbox 600 2440 661 2495; x_wconf 89' lang='grc' dir='ltr'><strong><em>τοῦ</em></strong></span> <span class='ocrx_word' id='word_1_135' title='bbox 675 2429 816 2517; x_wconf 82' lang='grc' dir='ltr'><strong><em>κέντρου</em></strong></span> <span class='ocrx_word' id='word_1_136' title='bbox 832 2433 913 2515; x_wconf 90' lang='grc' dir='ltr'><strong><em>μήτε</em></strong></span> <span class='ocrx_word' id='word_1_137' title='bbox 928 2435 1004 2507; x_wconf 85' lang='grc' dir='ltr'><strong><em>ἴσας</em></strong></span> <span class='ocrx_word' id='word_1_138' title='bbox 1017 2434 1132 2513; x_wconf 78' lang='grc' dir='ltr'><strong><em>γωνίας</em></strong></span> 
     </span>
     <span class='ocr_line' id='line_1_22' title="bbox 123 2534 1132 2624; baseline 0.001 -25"><span class='ocrx_word' id='word_1_139' title='bbox 123 2534 320 2621; x_wconf 81' lang='grc' dir='ltr'><strong><em>περιέχουσα</em></strong></span> <span class='ocrx_word' id='word_1_140' title='bbox 338 2536 418 2620; x_wconf 85' lang='grc' dir='ltr'><strong><em>μετά</em></strong></span> <span class='ocrx_word' id='word_1_141' title='bbox 436 2547 504 2601; x_wconf 87' lang='grc' dir='ltr'><strong><em>τῶν</em></strong></span> <span class='ocrx_word' id='word_1_142' title='bbox 523 2537 559 2602; x_wconf 84' lang='grc' dir='ltr'><strong><em>ἐκ</em></strong></span> <span class='ocrx_word' id='word_1_143' title='bbox 577 2546 637 2601; x_wconf 89' lang='grc' dir='ltr'><strong><em>τοῦ</em></strong></span> <span class='ocrx_word' id='word_1_144' title='bbox 656 2536 807 2624; x_wconf 80' lang='grc' dir='ltr'><strong><em>κέντρου,</em></strong></span> <span class='ocrx_word' id='word_1_145' title='bbox 825 2540 944 2622; x_wconf 81' lang='grc' dir='ltr'><strong><em>μείζων</em></strong></span> <span class='ocrx_word' id='word_1_146' title='bbox 961 2534 1035 2620; x_wconf 78' lang='grc' dir='ltr'><strong><em>δέή</em></strong></span> <span class='ocrx_word' id='word_1_147' title='bbox 1051 2536 1132 2602; x_wconf 82' lang='grc' dir='ltr'><strong><em>ἐλάσ-</em></strong></span> 
     </span>
     <span class='ocr_line' id='line_1_23' title="bbox 124 2641 1131 2729; baseline 0 -24"><span class='ocrx_word' id='word_1_148' title='bbox 124 2657 193 2706; x_wconf 88' lang='grc' dir='ltr'><strong><em>σων</em></strong></span> <span class='ocrx_word' id='word_1_149' title='bbox 211 2651 269 2725; x_wconf 79' lang='grc' dir='ltr'><strong><em>τῆς</em></strong></span> <span class='ocrx_word' id='word_1_150' title='bbox 288 2641 323 2707; x_wconf 91' lang='grc' dir='ltr'><strong><em>ἐκ</em></strong></span> <span class='ocrx_word' id='word_1_151' title='bbox 341 2651 401 2707; x_wconf 87' lang='grc' dir='ltr'><strong><em>τοῦ</em></strong></span> <span class='ocrx_word' id='word_1_152' title='bbox 415 2642 564 2729; x_wconf 84' lang='grc' dir='ltr'><strong><em>κέντρου,</em></strong></span> <span class='ocrx_word' id='word_1_153' title='bbox 583 2646 694 2708; x_wconf 78' lang='grc' dir='ltr'><strong><em>ἄνισοι</em></strong></span> <span class='ocrx_word' id='word_1_154' title='bbox 707 2645 745 2708; x_wconf 84' lang='grc' dir='ltr'><strong><em>αἴ</em></strong></span> <span class='ocrx_word' id='word_1_155' title='bbox 757 2644 926 2729; x_wconf 81' lang='grc' dir='ltr'><strong><em>διάμετροι</em></strong></span> <span class='ocrx_word' id='word_1_156' title='bbox 940 2652 1131 2727; x_wconf 83' lang='grc' dir='ltr'><strong><em>φανοῦνται.</em></strong></span> 
     </span>
     <span class='ocr_line' id='line_1_24' title="bbox 191 2746 1131 2835; baseline 0 -22"><span class='ocrx_word' id='word_1_157' title='bbox 191 2750 273 2813; x_wconf 83' lang='grc' dir='ltr'><strong><em>ἔστω</em></strong></span> <span class='ocrx_word' id='word_1_158' title='bbox 296 2750 359 2835; x_wconf 83' lang='grc' dir='ltr'><strong><em>γάρ</em></strong></span> <span class='ocrx_word' id='word_1_159' title='bbox 383 2751 513 2833; x_wconf 81' lang='grc' dir='ltr'><strong><em>κύκλος,</em></strong></span> <span class='ocrx_word' id='word_1_160' title='bbox 537 2746 577 2815; x_wconf 87' lang='grc' dir='ltr'><strong><em>οὗ</em></strong></span> <span class='ocrx_word' id='word_1_161' title='bbox 596 2749 735 2834; x_wconf 81' lang='grc' dir='ltr'><strong><em>κέντρον</em></strong></span> <span class='ocrx_word' id='word_1_162' title='bbox 753 2752 790 2815; x_wconf 92' lang='grc' dir='ltr'><strong><em>τὸ</em></strong></span> <span class='ocrx_word' id='word_1_163' title='bbox 810 2756 852 2834; x_wconf 92' lang='grc' dir='ltr'><strong><em>Α,</em></strong></span> <span class='ocrx_word' id='word_1_164' title='bbox 875 2748 931 2814; x_wconf 82' lang='grc' dir='ltr'><strong><em>καὶ</em></strong></span> <span class='ocrx_word' id='word_1_165' title='bbox 949 2749 1015 2815; x_wconf 88' lang='grc' dir='ltr'><strong><em>άπὸ</em></strong></span> <span class='ocrx_word' id='word_1_166' title='bbox 1034 2753 1131 2816; x_wconf 84' lang='grc' dir='ltr'><strong><em>τοῦδ</em></strong></span> 
     </span>
     <span class='ocr_line' id='line_1_25' title="bbox 124 2853 1132 2943; baseline 0.002 -25"><span class='ocrx_word' id='word_1_167' title='bbox 124 2853 269 2939; x_wconf 79' lang='grc' dir='ltr'><strong><em>ὄμματος</em></strong></span> <span class='ocrx_word' id='word_1_168' title='bbox 291 2853 344 2919; x_wconf 83' lang='grc' dir='ltr'><strong><em>ἐπὶ</em></strong></span> <span class='ocrx_word' id='word_1_169' title='bbox 362 2857 399 2921; x_wconf 90' lang='grc' dir='ltr'><strong><em>τὸ</em></strong></span> <span class='ocrx_word' id='word_1_170' title='bbox 417 2855 557 2943; x_wconf 84' lang='grc' dir='ltr'><strong><em>κέντρον</em></strong></span> <span class='ocrx_word' id='word_1_171' title='bbox 575 2865 635 2920; x_wconf 83' lang='grc' dir='ltr'><strong><em>τοῦ</em></strong></span> <span class='ocrx_word' id='word_1_172' title='bbox 653 2857 778 2921; x_wconf 80' lang='grc' dir='ltr'><strong><em>κύκλου</em></strong></span> <span class='ocrx_word' id='word_1_173' title='bbox 798 2857 913 2922; x_wconf 77' lang='grc' dir='ltr'><strong><em>εὐθεῖα</em></strong></span> <span class='ocrx_word' id='word_1_174' title='bbox 931 2857 1027 2940; x_wconf 79' lang='grc' dir='ltr'><strong><em>ήχθω</em></strong></span> <span class='ocrx_word' id='word_1_175' title='bbox 1043 2857 1064 2940; x_wconf 79' lang='grc' dir='ltr'>ἡ</span> <span class='ocrx_word' id='word_1_176' title='bbox 1079 2859 1132 2921; x_wconf 86' lang='lat' dir='ltr'><strong><em>BA</em></strong></span> 
     </span>
     <span class='ocr_line' id='line_1_26' title="bbox 70 2959 1131 3051; baseline 0.003 -28"><span class='ocrx_word' id='word_1_177' title='bbox 70 2976 105 3024; x_wconf 68' lang='grc' dir='ltr'><strong><em>νο</em></strong></span> <span class='ocrx_word' id='word_1_178' title='bbox 124 2959 180 3024; x_wconf 80' lang='grc' dir='ltr'><strong><em>καὶ</em></strong></span> <span class='ocrx_word' id='word_1_179' title='bbox 208 2963 289 3025; x_wconf 88' lang='grc' dir='ltr'><strong><em>ἐστω</em></strong></span> <span class='ocrx_word' id='word_1_180' title='bbox 317 2963 397 3045; x_wconf 91' lang='grc' dir='ltr'><strong><em>μήτε</em></strong></span> <span class='ocrx_word' id='word_1_181' title='bbox 428 2965 511 3048; x_wconf 87' lang='grc' dir='ltr'><strong><em>πρὸς</em></strong></span> <span class='ocrx_word' id='word_1_182' title='bbox 539 2963 646 3049; x_wconf 75' lang='grc' dir='ltr'><strong><em>ὀρθὰς</em></strong></span> <span class='ocrx_word' id='word_1_183' title='bbox 672 2972 718 3051; x_wconf 79' lang='grc' dir='ltr'><strong><em>τῷ</em></strong></span> <span class='ocrx_word' id='word_1_184' title='bbox 742 2961 884 3050; x_wconf 78' lang='grc' dir='ltr'><strong><em>ἐπιπέδῳ</em></strong></span> <span class='ocrx_word' id='word_1_185' title='bbox 912 2965 994 3047; x_wconf 88' lang='grc' dir='ltr'><strong><em>μήτε</em></strong></span> <span class='ocrx_word' id='word_1_186' title='bbox 1022 2969 1078 3047; x_wconf 90' lang='grc' dir='ltr'><strong><em>ἴση</em></strong></span> <span class='ocrx_word' id='word_1_187' title='bbox 1099 2969 1131 3046; x_wconf 88' lang='grc' dir='ltr'><strong><em>τή</em></strong></span> 
     </span>
     <span class='ocr_line' id='line_1_27' title="bbox 125 3065 1131 3154; baseline 0 -22"><span class='ocrx_word' id='word_1_188' title='bbox 125 3066 160 3132; x_wconf 90' lang='grc' dir='ltr'><strong><em>ἐκ</em></strong></span> <span class='ocrx_word' id='word_1_189' title='bbox 187 3076 247 3131; x_wconf 87' lang='grc' dir='ltr'><strong><em>τοῦ</em></strong></span> <span class='ocrx_word' id='word_1_190' title='bbox 275 3065 414 3152; x_wconf 80' lang='grc' dir='ltr'><strong><em>κέντρου</em></strong></span> <span class='ocrx_word' id='word_1_191' title='bbox 442 3078 502 3133; x_wconf 87' lang='grc' dir='ltr'><strong><em>τοῦ</em></strong></span> <span class='ocrx_word' id='word_1_192' title='bbox 530 3070 654 3134; x_wconf 81' lang='grc' dir='ltr'><strong><em>κύκλου</em></strong></span> <span class='ocrx_word' id='word_1_193' title='bbox 683 3071 763 3154; x_wconf 89' lang='grc' dir='ltr'><strong><em>μήτε</em></strong></span> <span class='ocrx_word' id='word_1_194' title='bbox 793 3074 865 3144; x_wconf 83' lang='grc' dir='ltr'><strong><em>ἴσας</em></strong></span> <span class='ocrx_word' id='word_1_195' title='bbox 891 3071 1017 3150; x_wconf 82' lang='grc' dir='ltr'><strong><em>γωνίας</em></strong></span> <span class='ocrx_word' id='word_1_196' title='bbox 1049 3091 1131 3152; x_wconf 89' lang='grc' dir='ltr'><strong><em>περι-</em></strong></span> 
     </span>
    </p>
   </div>
   <div class='ocr_carea' id='block_1_4' title="bbox 123 3172 1133 3367">
    <p class='ocr_par' dir='ltr' id='par_1_7' title="bbox 123 3172 1133 3367">
     <span class='ocr_line' id='line_1_28' title="bbox 124 3172 1133 3263; baseline 0.002 -26"><span class='ocrx_word' id='word_1_197' title='bbox 124 3172 245 3257; x_wconf 83' lang='grc' dir='ltr'><strong><em>έχουσα</em></strong></span> <span class='ocrx_word' id='word_1_198' title='bbox 267 3175 346 3257; x_wconf 82' lang='grc' dir='ltr'><strong><em>μετὰ</em></strong></span> <span class='ocrx_word' id='word_1_199' title='bbox 369 3185 437 3240; x_wconf 85' lang='grc' dir='ltr'><strong><em>τῶν</em></strong></span> <span class='ocrx_word' id='word_1_200' title='bbox 460 3175 495 3241; x_wconf 87' lang='grc' dir='ltr'><strong><em>ἐκ</em></strong></span> <span class='ocrx_word' id='word_1_201' title='bbox 518 3185 578 3240; x_wconf 90' lang='grc' dir='ltr'><strong><em>τοῦ</em></strong></span> <span class='ocrx_word' id='word_1_202' title='bbox 601 3175 751 3263; x_wconf 77' lang='grc' dir='ltr'><strong><em>κέντρου.</em></strong></span> <span class='ocrx_word' id='word_1_203' title='bbox 796 3174 895 3259; x_wconf 78' lang='grc' dir='ltr'><strong><em>λέγω,</em></strong></span> <span class='ocrx_word' id='word_1_204' title='bbox 925 3175 976 3240; x_wconf 81' lang='grc' dir='ltr'><strong><em>ὅτι</em></strong></span> <span class='ocrx_word' id='word_1_205' title='bbox 1005 3178 1043 3241; x_wconf 75' lang='grc' dir='ltr'><strong><em>αἱ</em></strong></span> <span class='ocrx_word' id='word_1_206' title='bbox 1068 3173 1133 3240; x_wconf 88' lang='grc' dir='ltr'><strong><em>διά-</em></strong></span> 
     </span>
     <span class='ocr_line' id='line_1_29' title="bbox 123 3283 839 3367; baseline 0.003 -23"><span class='ocrx_word' id='word_1_207' title='bbox 123 3303 236 3367; x_wconf 86' lang='grc' dir='ltr'><strong><em>μετροι</em></strong></span> <span class='ocrx_word' id='word_1_208' title='bbox 259 3290 319 3346; x_wconf 87' lang='grc' dir='ltr'><strong><em>τοῦ</em></strong></span> <span class='ocrx_word' id='word_1_209' title='bbox 341 3283 465 3347; x_wconf 80' lang='grc' dir='ltr'><strong><em>κύκλου</em></strong></span> <span class='ocrx_word' id='word_1_210' title='bbox 489 3284 600 3347; x_wconf 85' lang='grc' dir='ltr'><strong><em>άνισοι</em></strong></span> <span class='ocrx_word' id='word_1_211' title='bbox 623 3284 839 3366; x_wconf 80' lang='grc' dir='ltr'><strong><em>φανήσονται.</em></strong></span> 
     </span>
    </p>
   </div>
   <div class='ocr_carea' id='block_1_5' title="bbox 125 3436 1134 3582">
    <p class='ocr_par' dir='ltr' id='par_1_8' title="bbox 125 3436 1134 3582">
     <span class='ocr_line' id='line_1_30' title="bbox 197 3436 1133 3511; baseline 0.001 -21"><span class='ocrx_word' id='word_1_212' title='bbox 197 3443 219 3491; x_wconf 81' lang='grc'><strong><em>7.</em></strong></span> <span class='ocrx_word' id='word_1_213' title='bbox 241 3436 297 3510; x_wconf 89' lang='grc' dir='ltr'><strong><em>ἴση]</em></strong></span> <span class='ocrx_word' id='word_1_214' title='bbox 318 3437 370 3492; x_wconf 88' lang='grc' dir='ltr'><strong><em>εἴσι</em></strong></span> <span class='ocrx_word' id='word_1_215' title='bbox 388 3457 414 3493; x_wconf 83' lang='lat' dir='ltr'><strong><em>v.</em></strong></span> <span class='ocrx_word' id='word_1_216' title='bbox 508 3445 548 3494; x_wconf 95' lang='grc'><strong><em>11.</em></strong></span> <span class='ocrx_word' id='word_1_217' title='bbox 575 3436 631 3492; x_wconf 83' lang='grc' dir='ltr'><strong><em>ἐστί</em></strong></span> <span class='ocrx_word' id='word_1_218' title='bbox 648 3458 676 3509; x_wconf 90' lang='lat' dir='ltr'><strong><em>p.</em></strong></span> <span class='ocrx_word' id='word_1_219' title='bbox 764 3440 963 3511; x_wconf 85' lang='grc' dir='ltr'><strong><em>ΔΖΑ]ΕΖΑ</em></strong></span> <span class='ocrx_word' id='word_1_220' title='bbox 982 3457 1009 3509; x_wconf 89' lang='lat' dir='ltr'><strong><em>p.</em></strong></span> <span class='ocrx_word' id='word_1_221' title='bbox 1098 3443 1133 3492; x_wconf 79' lang='lat'><strong><em>14.</em></strong></span> 
     </span>
     <span class='ocr_line' id='line_1_31' title="bbox 125 3510 1134 3582; baseline 0 -20"><span class='ocrx_word' id='word_1_222' title='bbox 125 3510 421 3580; x_wconf 84' lang='lat' dir='ltr'><strong>EZA]Zecorr.V.</strong></span> <span class='ocrx_word' id='word_1_223' title='bbox 476 3510 543 3582; x_wconf 80' lang='grc' dir='ltr'><strong><em>ὑπό]</em></strong></span> <span class='ocrx_word' id='word_1_224' title='bbox 563 3510 620 3565; x_wconf 83' lang='grc' dir='ltr'><strong><em>ἀπό</em></strong></span> <span class='ocrx_word' id='word_1_225' title='bbox 639 3529 665 3565; x_wconf 83' lang='lat' dir='ltr'><strong><em>v.</em></strong></span> <span class='ocrx_word' id='word_1_226' title='bbox 740 3511 1134 3582; x_wconf 76' lang='lat' dir='ltr'><strong>15.AZB]ABZV,eorr.</strong></span> 
     </span>
    </p>
   </div>
   <div class='ocr_carea' id='block_1_6' title="bbox 0 0 1220 3944">
    <p class='ocr_par' dir='ltr' id='par_1_9' title="bbox 0 0 1220 3944">
     <span class='ocr_line' id='line_1_32' title="bbox 0 0 1220 3944; baseline 0 0"><span class='ocrx_word' id='word_1_227' title='bbox 0 0 1220 3944; x_wconf 95' lang='lat' dir='ltr'><strong><em> </em></strong></span> 
     </span>
    </p>
   </div>
  </div>
 </body>
</html>
