2424 3944
399 150 568 202 EUCLIDIS
587 151 724 202 OPTICA.
1023 150 1065 213 51

54 295 165 360 minor
192 298 242 359 est
270 293 482 358 semicirculo.
527 293 589 358 hoc
618 297 726 359 cutem
753 293 919 359 theorema
943 294 1067 359 factum

54 407 108 466 est
132 402 173 465 ad
196 422 294 465 conos
318 405 351 464 et
374 401 415 464 ad
438 399 622 464 chilindros.
660 399 688 464 si
711 399 797 464 enim
821 423 840 464 a
861 401 990 484 punctis
1009 401 1067 485 he

53 508 230 573 trahantur
252 507 293 570 cd
314 511 453 592 punctos
475 506 579 570 lutera
601 506 847 589 chilindrorum‚
872 506 1067 593 contingunt

54 636 184 698 eorum,
214 635 272 697 per
300 635 397 697 quam
424 617 551 697 partem
579 617 611 677 et
636 612 718 677 radii
741 612 932 693 incidentes,
964 617 997 677 et
1019 613 1067 677 in-

54 721 206 787 cludetur
233 720 321 801 hyde
351 741 426 803 pars
454 719 559 803 uisus,
590 718 753 783 uidebitur
786 721 894 783 autem
921 718 959 782 be
989 741 1065 803 pars
1102 737 1119 785 o

54 825 260 893 semicirculi.
311 829 344 889 et
371 825 482 889 eadem
510 847 588 910 ergo
616 847 691 909 pers
720 847 876 890 conorum
903 824 1067 890 uidebitur

52 955 171 998 mmor.

123 1109 229 1194 Prope
258 1109 451 1174 chilindrum
480 1108 573 1172 oculo
600 1108 709 1192 posito
732 1108 840 1172 minus
863 1108 993 1191 quidem
1016 1115 1066 1174 est

55 1216 224 1301 chilindri,
251 1217 338 1299 quod
361 1216 422 1280 sub
445 1215 543 1279 radiis
566 1214 784 1300 intercipitur,
806 1215 935 1279 uidetur
957 1221 1066 1280 autern

50 1323 161 1389 maius
184 1322 295 1386 uideri.
1085 1339 1119 1389 10

124 1432 195 1495 esto
219 1428 394 1493 chilindros
401 1480 409 1512 ‚
437 1427 527 1492 euius
550 1426 638 1491 basis
667 1428 708 1509 by
735 1426 887 1511 circuluS,
919 1431 1066 1492 centrum

51 1540 168 1601 autem
191 1557 226 1620 a,
249 1535 361 1600 oculus
384 1555 462 1598 uero
487 1533 529 1597 sit
552 1554 581 1617 c,
603 1555 622 1596 a
645 1554 709 1616 quo
734 1532 949 1617 coniungatur
972 1555 1068 1618 super

629 1702 758 1773 Ml

48 2792 206 2856 centrum
225 2809 277 2872 eo,
296 2791 329 2852 et
348 2786 494 2852 accidant
511 2786 593 2850 radii
611 2787 649 2850 eb
668 2791 700 2850 et
718 2808 770 2872 eq,
788 2791 821 2850 et
833 2786 1067 2870 protrahantur

49 2920 72 2961 a
97 2893 286 2980 paralisi,
307 2915 328 2975 9
355 2894 524 2958 adrectos
548 2892 706 2959 chilindro
727 2913 771 2975 92
799 2893 896 2958 ethi.
942 2915 1000 2977 per
1028 2916 1066 2958 ea

48 3023 136 3068 uero
174 3022 255 3084 quae
286 2999 377 3084 prius
414 3000 494 3082 thoe
521 2999 627 3063 minus
659 3004 709 3064 est
742 2999 996 3087 semichilind103
1032 3006 1118 3071 et15

48 3109 187 3174 uidetur
214 3106 274 3172 sub
302 3127 317 3172 e
345 3106 446 3171 oculo.
496 3110 757 3170 transmoueatur
784 3093 892 3170 autem
920 3107 1068 3174 oculust

48 3214 202 3302 propius.
239 3213 321 3297 dico,
344 3212 505 3297 quoniam,
529 3214 614 3295 quod
638 3212 821 3277 continetur
844 3214 905 3277 sub
929 3220 942 3278 t
963 3215 1066 3300 oculo,

129 3376 155 3425 2.
176 3368 345 3423 echilindros
363 3369 401 3423 D.
462 3374 485 3423 3.
504 3369 635 3423 trahatur
652 3369 690 3422 D.
745 3370 876 3442 punctos]
895 3389 945 3427 scr.
965 3374 1064 3428 rectos.

93 3447 136 3497 14.
162 3439 314 3512 chilindro]
333 3438 440 3493 chilind
458 3457 509 3510 seq.
528 3457 582 3495 ros.
602 3441 639 3494 D.
731 3445 772 3495 15.
793 3441 1001 3514 semichilindo‚
1019 3445 1066 3498 sed

50 3532 137 3584 cm,
156 3513 195 3568 D.
269 3517 309 3566 16.
329 3512 354 3583 e]
373 3513 407 3581 et
426 3512 464 3566 D.
537 3516 578 3565 17.
598 3510 685 3582 quod]
703 3528 754 3583 my.
774 3530 807 3568 m.
828 3519 844 3567 1
863 3514 900 3569 D.

870 3603 907 3656 4*
