2424 3944
303 135 515 190 orrrooaun
533 137 711 190 acerrimo
729 138 896 193 THEONIS.
1042 136 1106 201 175

167 278 210 344 sit
232 283 296 343 ΒΖ
309 288 344 352 >
361 282 435 365 ΘΚ,
458 284 491 345 et
515 281 608 346 oculo
632 284 664 345 A
685 280 771 346 infra
788 281 897 366 posito
915 282 1024 347 radius
1044 285 1113 346 AF

93 407 154 469 per
179 389 209 450 Θ
231 386 366 451 adcidat.
402 387 512 470 itaque
531 391 595 452 ΒΖ
617 388 875 474 magnitudinem
896 392 965 453 ΘΚ
984 389 1106 473 magni-

730 496 841 560 tudine
866 497 934 560 ΒΓ
954 496 1105 560 excedere

729 601 866 666 uidetur.
907 601 972 666 iam
993 602 1105 667 oculus

731 712 763 773 A
776 709 816 773 ad
829 713 869 773 N
882 707 1106 793 transferatur,

730 819 763 880 et
781 837 839 899 per
861 820 889 880 Θ
912 814 1040 881 adcidat
1058 837 1106 879 ra·

729 922 801 986 dius
815 927 896 987 NA.
920 944 1032 987 rursus
1046 922 1106 1008 igi-

728 1033 783 1093 tur
812 1033 878 1093 ΒΖ
910 1029 1106 1116 magnitudi-

727 1158 803 1200 nem
839 1139 912 1201 ΘΚ
945 1135 1105 1221 magnitu-

728 1242 802 1308 dine
841 1247 914 1307 BA
954 1243 1104 1308 excedere

92 1346 232 1413 uidetur.
294 1369 372 1434 ergo
405 1349 499 1414 oculo
528 1350 807 1435 adpropinquante
836 1348 1026 1435 magnitudo
1055 1371 1106 1414 ex-

91 1455 209 1519 cedens
229 1459 292 1520 BZ
311 1455 418 1520 minus
438 1457 588 1522 excedere
607 1457 736 1522 uidetur
753 1455 1011 1542 magnitudinem
1033 1459 1106 1541 ΘΚ,

91 1561 263 1626 recedente
286 1584 364 1626 uero
387 1563 503 1649 magis.

575 1742 624 1806 17.

162 1861 434 1949 Magnitudinum,
457 1885 539 1947 quae
564 1863 658 1929 oculo
682 1862 717 1928 in
740 1864 852 1928 eadem
874 1867 964 1929 recta
985 1863 1105 1948 posito,

93 1969 132 2033 in
161 1991 224 2053 qua
251 1974 301 2035 est
328 1971 519 2056 magnitudo
543 1970 663 2055 minor,
690 1970 776 2035 inter
804 1993 838 2035 se
861 1970 1032 2056 excedunt,
1054 1992 1106 2035 ex-

95 2076 222 2162 cedens,
246 2076 315 2141 siue
340 2077 578 2162 adpropinquat
603 2077 671 2142 siue
691 2076 813 2142 recedit
837 2077 958 2163 oculus,
979 2099 1105 2162 semper

94 2183 209 2247 eodem
233 2182 339 2266 spatio
363 2181 522 2248 minorem
546 2184 696 2248 excedere
720 2183 892 2249 uidebitur.

162 2289 295 2354 excedat
318 2289 404 2354 enim
422 2294 486 2355 BA
509 2290 765 2376 magnitudinem
791 2295 864 2356 ΘΗ
882 2290 1104 2377 magnitudine

92 2397 175 2480 ΒΓ,
207 2399 240 2460 et
267 2397 365 2461 ducta
393 2398 456 2461 ΓΘ
486 2397 697 2482 producatur,
731 2398 844 2462 oculus
876 2402 985 2461 autem
1013 2396 1048 2459 in
1078 2401 1105 2460 Z

90 2501 221 2586 positus
241 2502 293 2568 sit.
325 2503 435 2588 itaque
454 2503 564 2568 radius
579 2526 598 2568 a
614 2509 641 2568 Z
659 2504 809 2569 adcidens
823 2526 881 2588 per
897 2507 963 2568 ΖΓ
975 2503 1104 2567 feretur.

91 2607 162 2672 iam
189 2631 301 2674 rursus
330 2611 442 2675 oculus
470 2610 511 2674 ad
533 2613 568 2673 K
592 2610 814 2675 transferatur.
859 2610 970 2694 itaque
994 2609 1105 2674 eadem

92 2715 133 2780 de
159 2737 256 2780 causa
278 2714 387 2780 radius
411 2738 430 2780 a
453 2720 488 2780 K
513 2718 607 2782 oculo
631 2717 780 2782 adcidens
803 2740 861 2803 per
884 2720 954 2781 ΚΓ
974 2716 1104 2780 feretur.

91 2841 172 2906 ergo
196 2826 260 2887 BA
292 2823 405 2887 eodem
438 2823 544 2906 spatio
578 2824 836 2909 magnitudinem
866 2826 938 2887 ΘΗ
965 2821 1105 2907 excedet,

88 2928 161 2994 siue
186 2928 426 3015 adpropinquat
449 2928 518 2994 siue
542 2929 662 2995 recedit
687 2930 806 2995 oculus.

573 3142 623 3208 18.

159 3265 284 3331 Datam
308 3266 513 3330 altitudinem
538 3289 741 3352 cognoscere,
764 3270 886 3350 quanta
910 3266 961 3330 sit.

158 3373 202 3438 sit
226 3372 314 3437 enim
332 3376 401 3437 ΒΓ
419 3372 567 3457 altitudo,
590 3396 671 3458 quae
695 3377 815 3458 quanta
834 3373 886 3458 sit,
910 3394 1102 3457 cognoscere

88 3483 252 3567 oporteat,
277 3484 310 3544 et
332 3501 389 3564 per
412 3482 441 3542 Β
465 3479 593 3544 adcidat
616 3479 724 3544 radius
749 3480 827 3544 solis
851 3483 922 3545 ΒΔ.
961 3481 1022 3544 ΓΔ
1044 3479 1105 3566 igi-
