2424 3944
160 721 280 787 Uisum
308 725 431 786 rectam
459 743 541 806 esse,
575 722 665 786 cuius
697 727 806 806 partes
839 724 962 790 mediae
990 747 1102 791 omnes

89 829 246 894 extremis
271 829 422 893 officiant.

161 935 289 1022 Omnia,
312 958 394 1021 quac
419 940 601 1022 cernantur,
624 937 800 1002 secundum
823 944 929 1004 rectas
953 941 1049 1005 cerni.

160 1041 228 1106 Ubi
260 1043 392 1127 speculo
424 1043 459 1106 in
489 1043 587 1127 plano
619 1043 728 1127 posito
758 1045 896 1110 altitudo
927 1047 1035 1131 aliqua
1062 1048 1103 1111 ad

88 1152 224 1236 planum
243 1149 517 1234 perpendicularis
537 1153 711 1236 spectatur,
732 1153 976 1237 proportionem
994 1153 1103 1239 habet,

90 1262 130 1323 ut
148 1261 237 1322 recta
254 1256 341 1320 inter
360 1256 527 1341 speculum
546 1261 579 1320 et
598 1261 798 1341 spectantem
818 1260 913 1324 ducta
927 1260 967 1322 ad
980 1264 1102 1325 rectam

90 1365 179 1428 inter
197 1364 365 1448 speculum
384 1367 416 1427 et
431 1363 636 1427 altitudinem
651 1365 949 1448 perpendicularem
964 1365 1103 1451 ductam,

91 1471 141 1535 ita
165 1471 304 1534 altitudo
328 1470 505 1553 spectantis
529 1471 569 1533 ad
592 1471 798 1535 altitudinem
821 1471 860 1535 ad
883 1472 1016 1556 planum
1033 1494 1103 1556 per-

90 1577 342 1662 pendicularem.

160 1682 200 1747 In
223 1683 362 1768 speculis
384 1683 490 1768 planis
510 1706 548 1747 eo
567 1684 639 1749 loco
659 1689 825 1770 occupate,
846 1685 882 1748 in
901 1707 996 1768 quem
1014 1689 1103 1750 recta

91 1791 135 1855 ab
160 1812 208 1876 eo,
232 1791 318 1874 quod
341 1791 493 1875 cernitur,
514 1789 788 1874 perpendicularis
813 1791 913 1878 cadit,
934 1791 1014 1856 illud
1036 1813 1103 1855 non

89 1897 158 1961 iam
182 1898 333 1962 cernitur.

159 2003 271 2068 Etiam
294 2003 328 2067 in
352 2003 490 2087 speculis
515 2003 666 2068 connexis
690 2025 728 2068 eo
751 2005 823 2068 loco
848 2010 1018 2092 occupato,
1045 2028 1103 2089 per

91 2132 190 2195 quem
208 2115 297 2175 recta
316 2110 355 2174 ab
375 2131 423 2195 10,
446 2110 531 2192 quod
550 2110 700 2196 cernitur,
723 2112 764 2175 ad
782 2116 929 2177 centrum
947 2113 1102 2197 sphaerae

91 2217 231 2303 ducitur,
252 2216 333 2280 illud
355 2238 422 2280 non
444 2216 511 2280 iam
530 2218 680 2281 cernitur,
718 2218 804 2283 idem
823 2224 932 2283 autem
950 2220 1049 2284 etiam
1068 2220 1103 2283 in

91 2322 234 2407 speculis
258 2322 407 2388 concauis
431 2323 548 2388 euenit.

162 2428 198 2494 si
220 2452 272 2494 res
296 2429 404 2512 aliqua
425 2429 461 2492 in
479 2451 537 2492 uas
557 2430 702 2494 coniecta
725 2433 758 2492 et
776 2433 843 2493 tam
862 2430 959 2516 longe
977 2436 1103 2496 remota

91 2536 165 2622 erit,
186 2540 224 2599 ut
246 2557 313 2599 non
334 2535 400 2599 iam
420 2540 578 2619 cernatur,
601 2536 629 2599 si
648 2535 759 2599 eadem
778 2536 934 2600 distantia
951 2541 1101 2602 manente

94 2665 180 2728 aqua
202 2642 311 2707 infusa
333 2643 405 2729 erit,
427 2665 478 2706 res
502 2642 537 2707 in
560 2665 618 2706 uas
642 2642 789 2707 coniecta
811 2648 967 2708 cernetur.

587 2838 615 2902 1.

158 2944 189 3010 A
216 2944 356 3029 speculis
384 2945 437 3008 uel
463 2943 570 3028 planis
601 2944 656 3008 uel
684 2944 836 3008 conuexis
869 2945 923 3008 uel
950 2946 1101 3011 concauis

93 3052 176 3118 radii
200 3052 260 3116 sub
285 3050 412 3135 angulis
437 3051 626 3134 aequalibus
649 3051 878 3136 refringantur.

128 3233 153 3281 6.
173 3235 222 3281 τοῦ
237 3225 324 3298 (alt.)]
343 3245 379 3280 m.
398 3242 452 3280 rec.
471 3226 504 3280 V.
597 3231 621 3281 8.
642 3224 724 3298 οὕτω]
745 3225 816 3281 οὕτω
834 3224 884 3282 καί
901 3227 938 3281 Μ.
1015 3225 1100 3305 ὕψος]

92 3315 161 3353 corr.
181 3297 325 3368 11ῧψους
343 3316 379 3352 m.
399 3303 414 3350 2
433 3315 459 3352 v.
541 3303 583 3352 13,
606 3299 669 3369 τοῦ]
689 3314 704 3351 1
723 3314 791 3353 corr.
810 3317 846 3352 m.
929 3297 1100 3370 1115111111]

92 3370 175 3439 ὁρᾶτε
193 3389 224 3438 v,
249 3371 299 3424 sed
318 3386 385 3424 corr.
468 3374 509 3423 19.
530 3367 649 3441 ἐγχυθῇ]
669 3368 773 3441 duxerin
791 3370 855 3439 Mv,
875 3368 955 3439 etv,
975 3386 1043 3425 corr.
1063 3389 1099 3425 m.

91 3458 159 3509 rec.;
182 3441 285 3514 ἐγχεθῇ
303 3446 340 3514 τῷ
359 3437 461 3514 ἀγγείῳ
479 3458 515 3496 m.
589 3446 631 3495 20.
652 3441 695 3512 α’]
716 3459 768 3496 om.
788 3442 825 3495 M.
