<?xml version="1.0" encoding="UTF-8"?>
<!DOCTYPE html PUBLIC "-//W3C//DTD XHTML 1.0 Transitional//EN"
    "http://www.w3.org/TR/xhtml1/DTD/xhtml1-transitional.dtd">
<html xmlns="http://www.w3.org/1999/xhtml" xml:lang="en" lang="en">
 <head>
  <title>
</title>
<meta http-equiv="Content-Type" content="text/html;charset=utf-8" />
  <meta name='ocr-system' content='tesseract 3.04.00' />
  <meta name='ocr-capabilities' content='ocr_page ocr_carea ocr_par ocr_line ocrx_word'/>
</head>
<body>
  <div class='ocr_page' id='page_1' title='image "./euclidisoperaom01unkngoog_0239.png"; bbox 0 0 2424 3944; ppageno 0'>
   <div class='ocr_carea' id='block_1_1' title="bbox 150 155 952 222">
    <p class='ocr_par' dir='ltr' id='par_1_1' title="bbox 150 155 952 222">
     <span class='ocr_line' id='line_1_1' title="bbox 150 155 952 222; baseline 0.002 -11"><span class='ocrx_word' id='word_1_1' title='bbox 150 155 214 222; x_wconf 78' lang='grc'><em>176</em></span> <span class='ocrx_word' id='word_1_2' title='bbox 357 157 567 210; x_wconf 74' lang='lat' dir='ltr'>OPPICORUM</span> <span class='ocrx_word' id='word_1_3' title='bbox 585 157 763 210; x_wconf 70' lang='lat' dir='ltr'>REOENSIO</span> <span class='ocrx_word' id='word_1_4' title='bbox 783 157 952 213; x_wconf 71' lang='lat' dir='ltr'>motus,</span> 
     </span>
    </p>
   </div>
   <div class='ocr_carea' id='block_1_2' title="bbox 146 299 1165 630">
    <p class='ocr_par' dir='ltr' id='par_1_2' title="bbox 146 299 1165 630">
     <span class='ocr_line' id='line_1_2' title="bbox 148 299 1162 392; baseline 0.003 -24"><span class='ocrx_word' id='word_1_5' title='bbox 148 303 272 368; x_wconf 84' lang='grc' dir='ltr'><em>οὐκοῦν</em></span> <span class='ocrx_word' id='word_1_6' title='bbox 304 302 380 367; x_wconf 80' lang='grc' dir='ltr'><em>σκιὰ</em></span> <span class='ocrx_word' id='word_1_7' title='bbox 412 304 502 366; x_wconf 79' lang='grc' dir='ltr'><em>ἔσται</em></span> <span class='ocrx_word' id='word_1_8' title='bbox 528 299 549 383; x_wconf 77' lang='grc' dir='ltr'><em>ἡ</em></span> <span class='ocrx_word' id='word_1_9' title='bbox 578 304 647 366; x_wconf 88' lang='grc' dir='ltr'><em>ΓΛ.</em></span> <span class='ocrx_word' id='word_1_10' title='bbox 699 303 820 385; x_wconf 81' lang='grc' dir='ltr'><em>ἔλαβον</em></span> <span class='ocrx_word' id='word_1_11' title='bbox 852 303 894 386; x_wconf 78' lang='grc' dir='ltr'><em>δή</em></span> <span class='ocrx_word' id='word_1_12' title='bbox 925 326 958 368; x_wconf 90' lang='grc' dir='ltr'><em>τι</em></span> <span class='ocrx_word' id='word_1_13' title='bbox 990 305 1162 392; x_wconf 76' lang='grc' dir='ltr'><em>γνώριμον</em></span> 
     </span>
     <span class='ocr_line' id='line_1_3' title="bbox 147 405 1165 496; baseline 0.005 -22"><span class='ocrx_word' id='word_1_14' title='bbox 147 408 288 495; x_wconf 76' lang='grc' dir='ltr'><em>μέγεθος</em></span> <span class='ocrx_word' id='word_1_15' title='bbox 320 411 357 474; x_wconf 88' lang='grc' dir='ltr'><em>τὸ</em></span> <span class='ocrx_word' id='word_1_16' title='bbox 389 412 455 473; x_wconf 87' lang='lat' dir='ltr'><em>KZ</em></span> <span class='ocrx_word' id='word_1_17' title='bbox 487 405 542 472; x_wconf 81' lang='grc' dir='ltr'><em>καὶ</em></span> <span class='ocrx_word' id='word_1_18' title='bbox 575 407 741 495; x_wconf 79' lang='grc' dir='ltr'><em>ἐνήρμοσα</em></span> <span class='ocrx_word' id='word_1_19' title='bbox 771 408 838 474; x_wconf 84' lang='grc' dir='ltr'><em>ὑπὸ</em></span> <span class='ocrx_word' id='word_1_20' title='bbox 874 411 937 494; x_wconf 75' lang='grc' dir='ltr'><em>τὴν</em></span> <span class='ocrx_word' id='word_1_21' title='bbox 967 416 1002 475; x_wconf 88' lang='grc' dir='ltr'><em>Δ</em></span> <span class='ocrx_word' id='word_1_22' title='bbox 1039 416 1165 496; x_wconf 86' lang='grc' dir='ltr'><em>γωνίαν</em></span> 
     </span>
     <span class='ocr_line' id='line_1_4' title="bbox 146 515 864 630; baseline -0.004 -48"><span class='ocrx_word' id='word_1_23' title='bbox 146 517 360 605; x_wconf 77' lang='grc' dir='ltr'><em>παράλληλον</em></span> <span class='ocrx_word' id='word_1_24' title='bbox 409 526 449 602; x_wconf 81' lang='grc' dir='ltr'><em>τῇ</em></span> <span class='ocrx_word' id='word_1_25' title='bbox 494 520 523 580; x_wconf 90' lang='grc' dir='ltr'><strong><em>Β</em></strong></span> <span class='ocrx_word' id='word_1_26' title='bbox 535 519 570 580; x_wconf 92' lang='grc' dir='ltr'><em>Γ.</em></span> <span class='ocrx_word' id='word_1_27' title='bbox 642 515 768 580; x_wconf 86' lang='grc' dir='ltr'><em>οὐκοῦν</em></span> <span class='ocrx_word' id='word_1_28' title='bbox 829 579 864 630; x_wconf 78' lang='lat' dir='ltr'><em>B</em></span> 
     </span>
    </p>
   </div>
   <div class='ocr_carea' id='block_1_3' title="bbox 111 623 1155 1066">
    <p class='ocr_par' dir='ltr' id='par_1_3' title="bbox 147 623 769 708">
     <span class='ocr_line' id='line_1_5' title="bbox 147 623 769 708; baseline -0.005 -19"><span class='ocrx_word' id='word_1_29' title='bbox 147 623 252 708; x_wconf 82' lang='grc' dir='ltr'><em>ἐστιν,</em></span> <span class='ocrx_word' id='word_1_30' title='bbox 285 624 330 701; x_wconf 85' lang='grc' dir='ltr'><em>ὡς</em></span> <span class='ocrx_word' id='word_1_31' title='bbox 359 624 396 687; x_wconf 90' lang='grc' dir='ltr'><em>τὸ</em></span> <span class='ocrx_word' id='word_1_32' title='bbox 423 625 497 688; x_wconf 89' lang='grc' dir='ltr'><em>ΛΓ</em></span> <span class='ocrx_word' id='word_1_33' title='bbox 519 623 603 707; x_wconf 89' lang='grc' dir='ltr'><em>πρὸς</em></span> <span class='ocrx_word' id='word_1_34' title='bbox 629 623 667 687; x_wconf 88' lang='grc' dir='ltr'><em>τὸ</em></span> <span class='ocrx_word' id='word_1_35' title='bbox 697 625 769 705; x_wconf 85' lang='grc' dir='ltr'><em>ΓΒ,</em></span> 
     </span>
    </p>

    <p class='ocr_par' dir='ltr' id='par_1_4' title="bbox 111 726 1155 1066">
     <span class='ocr_line' id='line_1_6' title="bbox 111 726 994 819; baseline -0.002 -27"><span class='ocrx_word' id='word_1_36' title='bbox 111 731 253 807; x_wconf 82' lang='grc' dir='ltr'><em>οοῦτως</em></span> <span class='ocrx_word' id='word_1_37' title='bbox 275 731 312 794; x_wconf 90' lang='grc' dir='ltr'><em>τὸ</em></span> <span class='ocrx_word' id='word_1_38' title='bbox 336 735 404 796; x_wconf 88' lang='grc' dir='ltr'><em>ΔΖ</em></span> <span class='ocrx_word' id='word_1_39' title='bbox 426 731 510 818; x_wconf 88' lang='grc' dir='ltr'><em>πρὸς</em></span> <span class='ocrx_word' id='word_1_40' title='bbox 533 731 570 795; x_wconf 87' lang='grc' dir='ltr'><em>τὸ</em></span> <span class='ocrx_word' id='word_1_41' title='bbox 596 732 670 794; x_wconf 87' lang='grc' dir='ltr'><em>ΖΚ.</em></span> <span class='ocrx_word' id='word_1_42' title='bbox 713 726 769 792; x_wconf 82' lang='grc' dir='ltr'><em>καὶ</em></span> <span class='ocrx_word' id='word_1_43' title='bbox 954 763 994 819; x_wconf 71' lang='lat' dir='ltr'><em>K</em></span> 
     </span>
     <span class='ocr_line' id='line_1_7' title="bbox 147 836 771 923; baseline -0.002 -22"><span class='ocrx_word' id='word_1_44' title='bbox 147 839 315 922; x_wconf 84' lang='grc' dir='ltr'><em>γνώριμος</em></span> <span class='ocrx_word' id='word_1_45' title='bbox 333 837 350 903; x_wconf 97' lang='lat'><em>6</em></span> <span class='ocrx_word' id='word_1_46' title='bbox 370 841 468 921; x_wconf 88' lang='grc' dir='ltr'><em>λόγος</em></span> <span class='ocrx_word' id='word_1_47' title='bbox 486 837 503 903; x_wconf 95' lang='lat'><em>6</em></span> <span class='ocrx_word' id='word_1_48' title='bbox 522 845 581 921; x_wconf 74' lang='grc' dir='ltr'><em>τῆς</em></span> <span class='ocrx_word' id='word_1_49' title='bbox 599 841 667 901; x_wconf 88' lang='grc' dir='ltr'><em>ΛΖ</em></span> <span class='ocrx_word' id='word_1_50' title='bbox 687 836 771 923; x_wconf 89' lang='grc' dir='ltr'><em>πρὸς</em></span> 
     </span>
     <span class='ocr_line' id='line_1_8' title="bbox 150 940 1155 1066; baseline -0.006 -56"><span class='ocrx_word' id='word_1_51' title='bbox 150 948 229 1011; x_wconf 86' lang='grc' dir='ltr'><em>ΖΚ·</em></span> <span class='ocrx_word' id='word_1_52' title='bbox 270 946 437 1029; x_wconf 87' lang='grc' dir='ltr'><em>γνώριμος</em></span> <span class='ocrx_word' id='word_1_53' title='bbox 470 945 535 1031; x_wconf 78' lang='grc' dir='ltr'><em>ἄρα</em></span> <span class='ocrx_word' id='word_1_54' title='bbox 565 940 621 1007; x_wconf 81' lang='grc' dir='ltr'><em>καὶ</em></span> <span class='ocrx_word' id='word_1_55' title='bbox 659 942 676 1008; x_wconf 97' lang='lat'><em>6</em></span> <span class='ocrx_word' id='word_1_56' title='bbox 711 951 769 1026; x_wconf 81' lang='grc' dir='ltr'><em>τῆς</em></span> <span class='ocrx_word' id='word_1_57' title='bbox 826 1006 863 1056; x_wconf 63' lang='grc' dir='ltr'><em>Γ</em></span> <span class='ocrx_word' id='word_1_58' title='bbox 1130 1003 1155 1066; x_wconf 71' lang='grc' dir='ltr'><em>Δ</em></span> 
     </span>
    </p>
   </div>
   <div class='ocr_carea' id='block_1_4' title="bbox 147 1049 1161 1245">
    <p class='ocr_par' dir='ltr' id='par_1_5' title="bbox 147 1049 1161 1245">
     <span class='ocr_line' id='line_1_9' title="bbox 148 1049 769 1137; baseline -0.002 -20"><span class='ocrx_word' id='word_1_59' title='bbox 148 1055 220 1117; x_wconf 83' lang='grc' dir='ltr'><em>ΛΓ</em></span> <span class='ocrx_word' id='word_1_60' title='bbox 240 1053 323 1137; x_wconf 89' lang='grc' dir='ltr'><em>πρὸς</em></span> <span class='ocrx_word' id='word_1_61' title='bbox 349 1055 418 1116; x_wconf 89' lang='grc' dir='ltr'><em>ΓΒ.</em></span> <span class='ocrx_word' id='word_1_62' title='bbox 468 1054 528 1115; x_wconf 93' lang='grc' dir='ltr'><em>καί</em></span> <span class='ocrx_word' id='word_1_63' title='bbox 552 1049 620 1114; x_wconf 85' lang='grc' dir='ltr'><em>ἐστι</em></span> <span class='ocrx_word' id='word_1_64' title='bbox 648 1050 769 1135; x_wconf 84' lang='grc' dir='ltr'><em>γνώρι-</em></span> 
     </span>
     <span class='ocr_line' id='line_1_10' title="bbox 147 1155 1161 1245; baseline 0 -22"><span class='ocrx_word' id='word_1_65' title='bbox 147 1183 209 1244; x_wconf 90' lang='grc' dir='ltr'><em>μος</em></span> <span class='ocrx_word' id='word_1_66' title='bbox 237 1159 258 1243; x_wconf 77' lang='grc' dir='ltr'><em>ἡ</em></span> <span class='ocrx_word' id='word_1_67' title='bbox 286 1163 363 1224; x_wconf 93' lang='grc' dir='ltr'><em>ΔΓ</em></span> <span class='ocrx_word' id='word_1_68' title='bbox 391 1159 480 1223; x_wconf 83' lang='grc' dir='ltr'><em>σκιαί·</em></span> <span class='ocrx_word' id='word_1_69' title='bbox 515 1159 685 1244; x_wconf 75' lang='grc' dir='ltr'><em>γνώριμον</em></span> <span class='ocrx_word' id='word_1_70' title='bbox 717 1160 782 1245; x_wconf 79' lang='grc' dir='ltr'><em>ἄρα</em></span> <span class='ocrx_word' id='word_1_71' title='bbox 815 1155 871 1223; x_wconf 81' lang='grc' dir='ltr'><em>καὶ</em></span> <span class='ocrx_word' id='word_1_72' title='bbox 903 1159 940 1225; x_wconf 88' lang='grc' dir='ltr'><em>τὸ</em></span> <span class='ocrx_word' id='word_1_73' title='bbox 973 1162 1040 1224; x_wconf 90' lang='grc' dir='ltr'><em>ΓΒ</em></span> <span class='ocrx_word' id='word_1_74' title='bbox 1071 1159 1161 1236; x_wconf 87' lang='grc' dir='ltr'><em>ὕψος.</em></span> 
     </span>
    </p>
   </div>
   <div class='ocr_carea' id='block_1_5' title="bbox 92 1389 1159 2990">
    <p class='ocr_par' dir='ltr' id='par_1_6' title="bbox 92 1389 1159 2990">
     <span class='ocr_line' id='line_1_11' title="bbox 97 1389 687 1460; baseline -0.005 -2"><span class='ocrx_word' id='word_1_75' title='bbox 97 1411 130 1460; x_wconf 93' lang='lat'><em>10</em></span> <span class='ocrx_word' id='word_1_76' title='bbox 626 1389 687 1456; x_wconf 69' lang='grc' dir='ltr'><em>ια’.</em></span> 
     </span>
     <span class='ocr_line' id='line_1_12' title="bbox 214 1513 1159 1601; baseline -0.002 -19"><span class='ocrx_word' id='word_1_77' title='bbox 214 1519 274 1601; x_wconf 82' lang='grc' dir='ltr'><em>Μὴ</em></span> <span class='ocrx_word' id='word_1_78' title='bbox 307 1518 404 1593; x_wconf 86' lang='grc' dir='ltr'><em>όντος</em></span> <span class='ocrx_word' id='word_1_79' title='bbox 432 1515 529 1598; x_wconf 80' lang='grc' dir='ltr'><em>ἡλίου</em></span> <span class='ocrx_word' id='word_1_80' title='bbox 561 1517 598 1582; x_wconf 90' lang='grc' dir='ltr'><em>τὸ</em></span> <span class='ocrx_word' id='word_1_81' title='bbox 629 1513 734 1581; x_wconf 75' lang='grc' dir='ltr'><em>δοθὲν</em></span> <span class='ocrx_word' id='word_1_82' title='bbox 761 1515 847 1593; x_wconf 97' lang='grc' dir='ltr'><em>ὕψος</em></span> <span class='ocrx_word' id='word_1_83' title='bbox 874 1525 1016 1599; x_wconf 81' lang='grc' dir='ltr'><em>γνῶναι,</em></span> <span class='ocrx_word' id='word_1_84' title='bbox 1049 1516 1159 1600; x_wconf 78' lang='grc' dir='ltr'><em>ἡλίκον</em></span> 
     </span>
     <span class='ocr_line' id='line_1_13' title="bbox 148 1624 246 1690; baseline -0.01 0"><span class='ocrx_word' id='word_1_85' title='bbox 148 1624 246 1690; x_wconf 81' lang='grc' dir='ltr'><em>ἐστίν,</em></span> 
     </span>
     <span class='ocr_line' id='line_1_14' title="bbox 214 1726 1156 1815; baseline -0.004 -19"><span class='ocrx_word' id='word_1_86' title='bbox 214 1733 296 1796; x_wconf 79' lang='grc' dir='ltr'><em>ἔστω</em></span> <span class='ocrx_word' id='word_1_87' title='bbox 324 1730 402 1815; x_wconf 79' lang='grc' dir='ltr'><em>γάρ,</em></span> <span class='ocrx_word' id='word_1_88' title='bbox 431 1729 448 1796; x_wconf 86' lang='grc' dir='ltr'><strong><em>ὃ</em></strong></span> <span class='ocrx_word' id='word_1_89' title='bbox 477 1731 530 1795; x_wconf 75' lang='grc' dir='ltr'><em>δεῖ</em></span> <span class='ocrx_word' id='word_1_90' title='bbox 555 1728 735 1812; x_wconf 80' lang='grc' dir='ltr'><em>ἐπιγνῶναι</em></span> <span class='ocrx_word' id='word_1_91' title='bbox 753 1726 866 1813; x_wconf 78' lang='grc' dir='ltr'><em>ὕψος,</em></span> <span class='ocrx_word' id='word_1_92' title='bbox 893 1732 1036 1812; x_wconf 82' lang='grc' dir='ltr'><em>πηλίκον</em></span> <span class='ocrx_word' id='word_1_93' title='bbox 1064 1728 1156 1811; x_wconf 81' lang='grc' dir='ltr'><em>ἐστίν,</em></span> 
     </span>
     <span class='ocr_line' id='line_1_15' title="bbox 147 1832 1155 1922; baseline -0.002 -20"><span class='ocrx_word' id='word_1_94' title='bbox 147 1839 184 1903; x_wconf 89' lang='grc' dir='ltr'><em>τὸ</em></span> <span class='ocrx_word' id='word_1_95' title='bbox 213 1841 286 1922; x_wconf 81' lang='grc' dir='ltr'><em>ΒΓ,</em></span> <span class='ocrx_word' id='word_1_96' title='bbox 308 1836 364 1902; x_wconf 84' lang='grc' dir='ltr'><em>καὶ</em></span> <span class='ocrx_word' id='word_1_97' title='bbox 386 1839 512 1902; x_wconf 71' lang='grc' dir='ltr'><em>κείσθω</em></span> <span class='ocrx_word' id='word_1_98' title='bbox 534 1835 721 1920; x_wconf 80' lang='grc' dir='ltr'><em>κάτοπτρον</em></span> <span class='ocrx_word' id='word_1_99' title='bbox 744 1836 782 1900; x_wconf 88' lang='grc' dir='ltr'><em>τὸ</em></span> <span class='ocrx_word' id='word_1_100' title='bbox 805 1838 885 1919; x_wconf 85' lang='grc' dir='ltr'><em>ΚΑ,</em></span> <span class='ocrx_word' id='word_1_101' title='bbox 908 1836 996 1919; x_wconf 86' lang='grc' dir='ltr'><em>όμμα</em></span> <span class='ocrx_word' id='word_1_102' title='bbox 1020 1832 1059 1900; x_wconf 72' lang='grc' dir='ltr'><em>δὲ</em></span> <span class='ocrx_word' id='word_1_103' title='bbox 1081 1838 1155 1900; x_wconf 78' lang='grc' dir='ltr'><em>ἔστω</em></span> 
     </span>
     <span class='ocr_line' id='line_1_16' title="bbox 97 1938 1155 2030; baseline -0.003 -21"><span class='ocrx_word' id='word_1_104' title='bbox 97 1960 130 2009; x_wconf 79' lang='lat'><em>15</em></span> <span class='ocrx_word' id='word_1_105' title='bbox 147 1945 185 2009; x_wconf 91' lang='grc' dir='ltr'><em>τὸ</em></span> <span class='ocrx_word' id='word_1_106' title='bbox 209 1950 257 2028; x_wconf 83' lang='grc' dir='ltr'><em>Δ,</em></span> <span class='ocrx_word' id='word_1_107' title='bbox 288 1941 343 2009; x_wconf 81' lang='grc' dir='ltr'><em>καὶ</em></span> <span class='ocrx_word' id='word_1_108' title='bbox 371 1941 427 2008; x_wconf 82' lang='grc' dir='ltr'><em>ἀπ’</em></span> <span class='ocrx_word' id='word_1_109' title='bbox 453 1943 557 2008; x_wconf 84' lang='grc' dir='ltr'><em>αὐτοῦ</em></span> <span class='ocrx_word' id='word_1_110' title='bbox 584 1941 814 2030; x_wconf 79' lang='grc' dir='ltr'><em>προσπιπτέτω</em></span> <span class='ocrx_word' id='word_1_111' title='bbox 844 1940 935 2018; x_wconf 82' lang='grc' dir='ltr'><em>ιἰκτὶς</em></span> <span class='ocrx_word' id='word_1_112' title='bbox 961 1940 981 2024; x_wconf 80' lang='grc' dir='ltr'><em>ἡ</em></span> <span class='ocrx_word' id='word_1_113' title='bbox 1009 1948 1046 2007; x_wconf 93' lang='grc' dir='ltr'><em>Δ</em></span> <span class='ocrx_word' id='word_1_114' title='bbox 1052 1946 1082 2007; x_wconf 89' lang='grc' dir='ltr'>Θ</span> <span class='ocrx_word' id='word_1_115' title='bbox 1107 1938 1155 2007; x_wconf 74' lang='grc' dir='ltr'><em>καί</em></span> 
     </span>
     <span class='ocr_line' id='line_1_17' title="bbox 146 2046 1155 2137; baseline -0.001 -23"><span class='ocrx_word' id='word_1_116' title='bbox 146 2049 383 2115; x_wconf 76' lang='grc' dir='ltr'><em>ἀνακεκλοίσῦω</em></span> <span class='ocrx_word' id='word_1_117' title='bbox 403 2051 449 2127; x_wconf 83' lang='grc' dir='ltr'><em>ὡς</em></span> <span class='ocrx_word' id='word_1_118' title='bbox 466 2049 487 2132; x_wconf 79' lang='grc' dir='ltr'><em>ἡ</em></span> <span class='ocrx_word' id='word_1_119' title='bbox 504 2054 566 2115; x_wconf 92' lang='grc' dir='ltr'><em>ΘΒ</em></span> <span class='ocrx_word' id='word_1_120' title='bbox 591 2048 644 2114; x_wconf 81' lang='grc' dir='ltr'><em>ἐπὶ</em></span> <span class='ocrx_word' id='word_1_121' title='bbox 661 2051 742 2115; x_wconf 88' lang='grc' dir='ltr'><em>τὸΒ</em></span> <span class='ocrx_word' id='word_1_122' title='bbox 760 2047 873 2137; x_wconf 80' lang='grc' dir='ltr'><em>πέρας,</em></span> <span class='ocrx_word' id='word_1_123' title='bbox 896 2046 951 2113; x_wconf 81' lang='grc' dir='ltr'><em>καὶ</em></span> <span class='ocrx_word' id='word_1_124' title='bbox 970 2047 1036 2115; x_wconf 79' lang='grc' dir='ltr'><em>ἀπὸ</em></span> <span class='ocrx_word' id='word_1_125' title='bbox 1055 2058 1114 2115; x_wconf 87' lang='grc' dir='ltr'><em>τοῦ</em></span> <span class='ocrx_word' id='word_1_126' title='bbox 1126 2053 1155 2113; x_wconf 89' lang='grc' dir='ltr'><em>Δ</em></span> 
     </span>
     <span class='ocr_line' id='line_1_18' title="bbox 145 2153 1155 2243; baseline -0.001 -21"><span class='ocrx_word' id='word_1_127' title='bbox 145 2158 289 2241; x_wconf 76' lang='grc' dir='ltr'><em>ὄμματος</em></span> <span class='ocrx_word' id='word_1_128' title='bbox 315 2156 456 2233; x_wconf 77' lang='grc' dir='ltr'><em>κάθετος</em></span> <span class='ocrx_word' id='word_1_129' title='bbox 482 2156 503 2239; x_wconf 77' lang='grc' dir='ltr'>ἡ</span> <span class='ocrx_word' id='word_1_130' title='bbox 527 2161 602 2221; x_wconf 84' lang='grc' dir='ltr'><em>ΛΖ.</em></span> <span class='ocrx_word' id='word_1_131' title='bbox 653 2156 778 2222; x_wconf 84' lang='grc' dir='ltr'><em>οὐκοῦν</em></span> <span class='ocrx_word' id='word_1_132' title='bbox 808 2162 877 2221; x_wconf 79' lang='grc' dir='ltr'><em>ἴσαι</em></span> <span class='ocrx_word' id='word_1_133' title='bbox 907 2153 993 2221; x_wconf 81' lang='grc' dir='ltr'><em>είσὶν</em></span> <span class='ocrx_word' id='word_1_134' title='bbox 1022 2158 1061 2221; x_wconf 89' lang='grc' dir='ltr'><em>αί</em></span> <span class='ocrx_word' id='word_1_135' title='bbox 1080 2156 1155 2243; x_wconf 87' lang='grc' dir='ltr'><em>πρὸς</em></span> 
     </span>
     <span class='ocr_line' id='line_1_19' title="bbox 145 2262 1154 2352; baseline -0.001 -25"><span class='ocrx_word' id='word_1_136' title='bbox 145 2273 190 2352; x_wconf 75' lang='grc' dir='ltr'><em>τῷ</em></span> <span class='ocrx_word' id='word_1_137' title='bbox 216 2268 245 2328; x_wconf 98' lang='grc' dir='ltr'>Θ</span> <span class='ocrx_word' id='word_1_138' title='bbox 271 2267 390 2347; x_wconf 84' lang='grc' dir='ltr'><em>γωνίαι</em></span> <span class='ocrx_word' id='word_1_139' title='bbox 418 2262 588 2346; x_wconf 78' lang='grc' dir='ltr'><em>ἀλλήλαις·</em></span> <span class='ocrx_word' id='word_1_140' title='bbox 621 2273 720 2329; x_wconf 89' lang='grc' dir='ltr'><em>τοῦτο</em></span> <span class='ocrx_word' id='word_1_141' title='bbox 749 2264 813 2351; x_wconf 78' lang='grc' dir='ltr'><em>γὰρ</em></span> <span class='ocrx_word' id='word_1_142' title='bbox 837 2264 1007 2329; x_wconf 79' lang='grc' dir='ltr'><em>δείκνυται</em></span> <span class='ocrx_word' id='word_1_143' title='bbox 1032 2262 1069 2329; x_wconf 78' lang='grc' dir='ltr'><em>ἐν</em></span> <span class='ocrx_word' id='word_1_144' title='bbox 1092 2273 1154 2338; x_wconf 75' lang='grc' dir='ltr'><em>τοῖς</em></span> 
     </span>
     <span class='ocr_line' id='line_1_20' title="bbox 144 2369 1151 2459; baseline -0.001 -24"><span class='ocrx_word' id='word_1_145' title='bbox 144 2373 393 2458; x_wconf 82' lang='grc' dir='ltr'><em>Κατοπτρικοῖς.</em></span> <span class='ocrx_word' id='word_1_146' title='bbox 434 2369 596 2436; x_wconf 79' lang='grc' dir='ltr'><em>ἀλλὰκαὶ</em></span> <span class='ocrx_word' id='word_1_147' title='bbox 619 2371 639 2455; x_wconf 81' lang='grc' dir='ltr'><em>ἡ</em></span> <span class='ocrx_word' id='word_1_148' title='bbox 662 2372 746 2457; x_wconf 90' lang='grc' dir='ltr'><em>πρὸς</em></span> <span class='ocrx_word' id='word_1_149' title='bbox 768 2380 814 2459; x_wconf 73' lang='grc' dir='ltr'><em>τῷ</em></span> <span class='ocrx_word' id='word_1_150' title='bbox 834 2374 867 2436; x_wconf 91' lang='grc' dir='ltr'>Γ</span> <span class='ocrx_word' id='word_1_151' title='bbox 890 2380 930 2458; x_wconf 75' lang='grc' dir='ltr'><em>τῇ</em></span> <span class='ocrx_word' id='word_1_152' title='bbox 952 2371 1038 2458; x_wconf 88' lang='grc' dir='ltr'><em>πρὸς</em></span> <span class='ocrx_word' id='word_1_153' title='bbox 1060 2380 1104 2459; x_wconf 79' lang='grc' dir='ltr'><em>τῷ</em></span> <span class='ocrx_word' id='word_1_154' title='bbox 1127 2372 1151 2434; x_wconf 90' lang='grc' dir='ltr'>Ζ</span> 
     </span>
     <span class='ocr_line' id='line_1_21' title="bbox 92 2475 1150 2566; baseline -0.002 -23"><span class='ocrx_word' id='word_1_155' title='bbox 92 2494 126 2543; x_wconf 77' lang='lat'><em>20</em></span> <span class='ocrx_word' id='word_1_156' title='bbox 145 2483 199 2561; x_wconf 74' lang='grc' dir='ltr'><em>ἴση</em></span> <span class='ocrx_word' id='word_1_157' title='bbox 218 2476 322 2543; x_wconf 80' lang='grc' dir='ltr'><em>ἐστίν·</em></span> <span class='ocrx_word' id='word_1_158' title='bbox 345 2478 433 2564; x_wconf 77' lang='grc' dir='ltr'><em>ὀρθὴ</em></span> <span class='ocrx_word' id='word_1_159' title='bbox 456 2477 520 2566; x_wconf 78' lang='grc' dir='ltr'><em>γάρ</em></span> <span class='ocrx_word' id='word_1_160' title='bbox 544 2478 635 2543; x_wconf 84' lang='grc' dir='ltr'><em>ἐστιν</em></span> <span class='ocrx_word' id='word_1_161' title='bbox 653 2475 789 2566; x_wconf 79' lang='grc' dir='ltr'><em>ἑκατέρα</em></span> <span class='ocrx_word' id='word_1_162' title='bbox 812 2477 933 2543; x_wconf 84' lang='grc' dir='ltr'><em>αὐτῶν.</em></span> <span class='ocrx_word' id='word_1_163' title='bbox 970 2479 1070 2563; x_wconf 81' lang='grc' dir='ltr'><em>λοιπὴ</em></span> <span class='ocrx_word' id='word_1_164' title='bbox 1093 2479 1150 2563; x_wconf 77' lang='grc' dir='ltr'><em>ἄρα</em></span> 
     </span>
     <span class='ocr_line' id='line_1_22' title="bbox 143 2583 1152 2673; baseline -0.004 -23"><span class='ocrx_word' id='word_1_165' title='bbox 143 2583 164 2666; x_wconf 78' lang='grc' dir='ltr'><strong><em>ἡ</em></strong></span> <span class='ocrx_word' id='word_1_166' title='bbox 186 2586 270 2670; x_wconf 90' lang='grc' dir='ltr'><em>πρὸς</em></span> <span class='ocrx_word' id='word_1_167' title='bbox 291 2595 337 2673; x_wconf 75' lang='grc' dir='ltr'><em>τῷ</em></span> <span class='ocrx_word' id='word_1_168' title='bbox 360 2589 389 2649; x_wconf 94' lang='grc' dir='ltr'><strong><em>Β</em></strong></span> <span class='ocrx_word' id='word_1_169' title='bbox 417 2590 516 2671; x_wconf 77' lang='grc' dir='ltr'><em>λοιπῇ</em></span> <span class='ocrx_word' id='word_1_170' title='bbox 543 2596 583 2671; x_wconf 79' lang='grc' dir='ltr'><em>τῇ</em></span> <span class='ocrx_word' id='word_1_171' title='bbox 610 2586 693 2669; x_wconf 89' lang='grc' dir='ltr'><em>πρὸς</em></span> <span class='ocrx_word' id='word_1_172' title='bbox 722 2594 768 2673; x_wconf 76' lang='grc' dir='ltr'><em>τῷ</em></span> <span class='ocrx_word' id='word_1_173' title='bbox 791 2590 824 2648; x_wconf 87' lang='grc' dir='ltr'><em>Λ</em></span> <span class='ocrx_word' id='word_1_174' title='bbox 853 2590 907 2668; x_wconf 85' lang='grc' dir='ltr'><em>ίση</em></span> <span class='ocrx_word' id='word_1_175' title='bbox 933 2583 1034 2650; x_wconf 80' lang='grc' dir='ltr'><em>ἐστίν.</em></span> <span class='ocrx_word' id='word_1_176' title='bbox 1076 2584 1152 2650; x_wconf 81' lang='grc' dir='ltr'><em>ὥστε</em></span> 
     </span>
     <span class='ocr_line' id='line_1_23' title="bbox 144 2689 1150 2779; baseline -0.002 -24"><span class='ocrx_word' id='word_1_177' title='bbox 144 2691 260 2775; x_wconf 82' lang='grc' dir='ltr'><em>ὅμοιον</em></span> <span class='ocrx_word' id='word_1_178' title='bbox 282 2689 325 2756; x_wconf 79' lang='grc' dir='ltr'><em>ὕν</em></span> <span class='ocrx_word' id='word_1_179' title='bbox 347 2697 398 2775; x_wconf 79' lang='grc' dir='ltr'><em>είη</em></span> <span class='ocrx_word' id='word_1_180' title='bbox 421 2693 458 2757; x_wconf 88' lang='grc' dir='ltr'><em>τὸ</em></span> <span class='ocrx_word' id='word_1_181' title='bbox 481 2696 510 2756; x_wconf 93' lang='grc' dir='ltr'>Β</span> <span class='ocrx_word' id='word_1_182' title='bbox 518 2695 581 2756; x_wconf 89' lang='grc' dir='ltr'><em>ΓΘ</em></span> <span class='ocrx_word' id='word_1_183' title='bbox 607 2693 773 2779; x_wconf 90' lang='grc' dir='ltr'><em>τρίγωνον</em></span> <span class='ocrx_word' id='word_1_184' title='bbox 795 2699 841 2779; x_wconf 78' lang='grc' dir='ltr'><em>τῷ</em></span> <span class='ocrx_word' id='word_1_185' title='bbox 864 2694 968 2756; x_wconf 87' lang='grc' dir='ltr'><em>ΔΖΘ</em></span> <span class='ocrx_word' id='word_1_186' title='bbox 994 2692 1150 2778; x_wconf 73' lang='grc' dir='ltr'><em>τριγώνῳ.</em></span> 
     </span>
     <span class='ocr_line' id='line_1_24' title="bbox 143 2796 1148 2886; baseline -0.003 -24"><span class='ocrx_word' id='word_1_187' title='bbox 143 2799 234 2862; x_wconf 85' lang='grc' dir='ltr'><em>ἔστιν</em></span> <span class='ocrx_word' id='word_1_188' title='bbox 250 2798 324 2885; x_wconf 77' lang='grc' dir='ltr'><em>ὕρα,</em></span> <span class='ocrx_word' id='word_1_189' title='bbox 343 2797 426 2880; x_wconf 79' lang='grc' dir='ltr'><em>ὡςὴ</em></span> <span class='ocrx_word' id='word_1_190' title='bbox 447 2801 515 2863; x_wconf 94' lang='grc' dir='ltr'><em>ΘΓ</em></span> <span class='ocrx_word' id='word_1_191' title='bbox 532 2800 614 2886; x_wconf 89' lang='grc' dir='ltr'><em>πρὸς</em></span> <span class='ocrx_word' id='word_1_192' title='bbox 634 2802 706 2882; x_wconf 84' lang='grc' dir='ltr'><em>ΓΒ,</em></span> <span class='ocrx_word' id='word_1_193' title='bbox 729 2797 836 2874; x_wconf 91' lang='grc' dir='ltr'><em>οὕτως</em></span> <span class='ocrx_word' id='word_1_194' title='bbox 853 2796 873 2880; x_wconf 80' lang='grc' dir='ltr'><em>ἡ</em></span> <span class='ocrx_word' id='word_1_195' title='bbox 896 2802 957 2862; x_wconf 89' lang='grc' dir='ltr'><em>ΘΖ</em></span> <span class='ocrx_word' id='word_1_196' title='bbox 980 2799 1066 2884; x_wconf 88' lang='grc' dir='ltr'><em>πρὸς</em></span> <span class='ocrx_word' id='word_1_197' title='bbox 1085 2800 1148 2863; x_wconf 87' lang='grc' dir='ltr'><em>ΖΔ.</em></span> 
     </span>
     <span class='ocr_line' id='line_1_25' title="bbox 142 2902 1153 2990; baseline -0.001 -21"><span class='ocrx_word' id='word_1_198' title='bbox 142 2915 200 2990; x_wconf 74' lang='grc' dir='ltr'><em>τῆς</em></span> <span class='ocrx_word' id='word_1_199' title='bbox 223 2902 259 2970; x_wconf 73' lang='grc' dir='ltr'><em>δὲ</em></span> <span class='ocrx_word' id='word_1_200' title='bbox 280 2910 342 2971; x_wconf 93' lang='grc' dir='ltr'><em>ΘΖ</em></span> <span class='ocrx_word' id='word_1_201' title='bbox 364 2906 447 2990; x_wconf 89' lang='grc' dir='ltr'><em>πρὸς</em></span> <span class='ocrx_word' id='word_1_202' title='bbox 467 2910 532 2970; x_wconf 88' lang='grc' dir='ltr'><em>ΖΛ</em></span> <span class='ocrx_word' id='word_1_203' title='bbox 555 2907 653 2988; x_wconf 87' lang='grc' dir='ltr'><em>λόγος</em></span> <span class='ocrx_word' id='word_1_204' title='bbox 674 2905 791 2982; x_wconf 76' lang='grc' dir='ltr'><em>ὃοθείς</em></span> <span class='ocrx_word' id='word_1_205' title='bbox 814 2903 916 2970; x_wconf 83' lang='grc' dir='ltr'><em>ἐστιν·</em></span> <span class='ocrx_word' id='word_1_206' title='bbox 939 2902 1073 2990; x_wconf 81' lang='grc' dir='ltr'><em>καὶτῆς</em></span> <span class='ocrx_word' id='word_1_207' title='bbox 1093 2902 1153 2969; x_wconf 84' lang='grc' dir='ltr'><em>ΘΓ</em></span> 
     </span>
    </p>
   </div>
   <div class='ocr_carea' id='block_1_6' title="bbox 90 3006 1148 3206">
    <p class='ocr_par' dir='ltr' id='par_1_7' title="bbox 90 3006 1148 3206">
     <span class='ocr_line' id='line_1_26' title="bbox 90 3006 1148 3099; baseline -0.001 -24"><span class='ocrx_word' id='word_1_208' title='bbox 90 3026 123 3075; x_wconf 75' lang='lat'><em>25</em></span> <span class='ocrx_word' id='word_1_209' title='bbox 142 3012 207 3099; x_wconf 85' lang='grc' dir='ltr'><em>ὕρα</em></span> <span class='ocrx_word' id='word_1_210' title='bbox 228 3013 312 3097; x_wconf 90' lang='grc' dir='ltr'><em>πρὸς</em></span> <span class='ocrx_word' id='word_1_211' title='bbox 335 3015 396 3078; x_wconf 90' lang='grc' dir='ltr'><em>ΓΒ</em></span> <span class='ocrx_word' id='word_1_212' title='bbox 425 3013 590 3097; x_wconf 86' lang='grc' dir='ltr'><em>γνώριμος</em></span> <span class='ocrx_word' id='word_1_213' title='bbox 617 3011 634 3077; x_wconf 97' lang='lat'><em>6</em></span> <span class='ocrx_word' id='word_1_214' title='bbox 658 3014 757 3094; x_wconf 91' lang='grc' dir='ltr'><em>λόγος</em></span> <span class='ocrx_word' id='word_1_215' title='bbox 783 3010 883 3076; x_wconf 81' lang='grc' dir='ltr'><em>ἐστίν.</em></span> <span class='ocrx_word' id='word_1_216' title='bbox 928 3012 1096 3098; x_wconf 83' lang='grc' dir='ltr'><em>γνώριμος</em></span> <span class='ocrx_word' id='word_1_217' title='bbox 1117 3006 1148 3075; x_wconf 73' lang='grc' dir='ltr'><em>δὲ</em></span> 
     </span>
     <span class='ocr_line' id='line_1_27' title="bbox 140 3116 888 3206; baseline 0 -24"><span class='ocrx_word' id='word_1_218' title='bbox 140 3117 161 3200; x_wconf 78' lang='grc' dir='ltr'><strong><em>ἡ</em></strong></span> <span class='ocrx_word' id='word_1_219' title='bbox 187 3121 266 3182; x_wconf 87' lang='grc' dir='ltr'><em>ΘΓ·</em></span> <span class='ocrx_word' id='word_1_220' title='bbox 289 3120 459 3205; x_wconf 84' lang='grc' dir='ltr'><em>γνώριμον</em></span> <span class='ocrx_word' id='word_1_221' title='bbox 481 3120 546 3206; x_wconf 79' lang='grc' dir='ltr'><em>ἄρα</em></span> <span class='ocrx_word' id='word_1_222' title='bbox 568 3116 623 3183; x_wconf 85' lang='grc' dir='ltr'><em>καὶ</em></span> <span class='ocrx_word' id='word_1_223' title='bbox 645 3120 683 3184; x_wconf 91' lang='grc' dir='ltr'><em>τὸ</em></span> <span class='ocrx_word' id='word_1_224' title='bbox 709 3121 771 3184; x_wconf 89' lang='grc' dir='ltr'><em>ΓΒ</em></span> <span class='ocrx_word' id='word_1_225' title='bbox 793 3119 888 3197; x_wconf 91' lang='grc' dir='ltr'><em>ὕψος.</em></span> 
     </span>
    </p>
   </div>
   <div class='ocr_carea' id='block_1_7' title="bbox 140 3310 1147 3598">
    <p class='ocr_par' dir='ltr' id='par_1_8' title="bbox 140 3310 1147 3598">
     <span class='ocr_line' id='line_1_28' title="bbox 212 3310 1146 3383; baseline -0.001 -19"><span class='ocrx_word' id='word_1_226' title='bbox 212 3317 236 3366; x_wconf 79' lang='lat'><em>2.</em></span> <span class='ocrx_word' id='word_1_227' title='bbox 257 3310 424 3381; x_wconf 80' lang='grc' dir='ltr'><em>ἐνήρμοσται</em></span> <span class='ocrx_word' id='word_1_228' title='bbox 442 3329 467 3371; x_wconf 76' lang='lat' dir='ltr'><em>v.</em></span> <span class='ocrx_word' id='word_1_229' title='bbox 540 3311 615 3365; x_wconf 75' lang='lat' dir='ltr'><strong>Ante</strong></span> <span class='ocrx_word' id='word_1_230' title='bbox 633 3317 659 3366; x_wconf 90' lang='grc' dir='ltr'><em>Δ</em></span> <span class='ocrx_word' id='word_1_231' title='bbox 682 3311 747 3365; x_wconf 78' lang='lat' dir='ltr'><strong>add.</strong></span> <span class='ocrx_word' id='word_1_232' title='bbox 766 3310 837 3380; x_wconf 87' lang='grc' dir='ltr'><em>πρὸς</em></span> <span class='ocrx_word' id='word_1_233' title='bbox 854 3314 892 3383; x_wconf 81' lang='grc' dir='ltr'><em>τῷ</em></span> <span class='ocrx_word' id='word_1_234' title='bbox 911 3328 947 3364; x_wconf 89' lang='lat' dir='ltr'><em>m.</em></span> <span class='ocrx_word' id='word_1_235' title='bbox 967 3327 1022 3366; x_wconf 82' lang='lat' dir='ltr'><strong>ree.</strong></span> <span class='ocrx_word' id='word_1_236' title='bbox 1041 3311 1074 3365; x_wconf 90' lang='lat' dir='ltr'><em>V.</em></span> <span class='ocrx_word' id='word_1_237' title='bbox 1125 3314 1146 3363; x_wconf 65' lang='grc' dir='ltr'><em>λ</em></span> 
     </span>
     <span class='ocr_line' id='line_1_29' title="bbox 142 3379 1147 3453; baseline -0.001 -18"><span class='ocrx_word' id='word_1_238' title='bbox 142 3382 203 3453; x_wconf 88' lang='grc' dir='ltr'><em>ΓΒ]</em></span> <span class='ocrx_word' id='word_1_239' title='bbox 223 3386 320 3451; x_wconf 80' lang='lat' dir='ltr'><strong>BPp.</strong></span> <span class='ocrx_word' id='word_1_240' title='bbox 375 3387 400 3438; x_wconf 80' lang='lat'><em>8.</em></span> <span class='ocrx_word' id='word_1_241' title='bbox 420 3381 564 3437; x_wconf 62' lang='grc' dir='ltr'><em>ίοτινῦι.</em></span> <span class='ocrx_word' id='word_1_242' title='bbox 621 3388 644 3438; x_wconf 84' lang='grc'><em>9.</em></span> <span class='ocrx_word' id='word_1_243' title='bbox 663 3380 739 3438; x_wconf 60' lang='grc' dir='ltr'><em>σκιοῦ</em></span> <span class='ocrx_word' id='word_1_244' title='bbox 760 3380 1028 3453; x_wconf 60' lang='grc' dir='ltr'><em>γνόριμονᾙοτοε.</em></span> <span class='ocrx_word' id='word_1_245' title='bbox 1044 3379 1147 3438; x_wconf 78' lang='lat' dir='ltr'><strong>m.1v.</strong></span> 
     </span>
     <span class='ocr_line' id='line_1_30' title="bbox 175 3448 1146 3524; baseline 0 -19"><span class='ocrx_word' id='word_1_246' title='bbox 175 3453 244 3506; x_wconf 75' lang='lat' dir='ltr'>Post</span> <span class='ocrx_word' id='word_1_247' title='bbox 267 3451 342 3523; x_wconf 88' lang='grc' dir='ltr'><em>ὕψος</em></span> <span class='ocrx_word' id='word_1_248' title='bbox 369 3453 433 3508; x_wconf 80' lang='lat' dir='ltr'><strong>add.</strong></span> <span class='ocrx_word' id='word_1_249' title='bbox 457 3452 489 3507; x_wconf 85' lang='grc' dir='ltr'><em>τὸ</em></span> <span class='ocrx_word' id='word_1_250' title='bbox 513 3453 569 3522; x_wconf 78' lang='grc' dir='ltr'><em>ἄρα</em></span> <span class='ocrx_word' id='word_1_251' title='bbox 592 3451 682 3510; x_wconf 67' lang='grc' dir='ltr'><em>δοθὲν</em></span> <span class='ocrx_word' id='word_1_252' title='bbox 709 3452 784 3524; x_wconf 87' lang='grc' dir='ltr'><em>ὕψος</em></span> <span class='ocrx_word' id='word_1_253' title='bbox 809 3453 943 3524; x_wconf 78' lang='grc' dir='ltr'><em>ἔγνωσται</em></span> <span class='ocrx_word' id='word_1_254' title='bbox 966 3452 1058 3510; x_wconf 90' lang='grc' dir='ltr'><em>πόσον</em></span> <span class='ocrx_word' id='word_1_255' title='bbox 1080 3448 1146 3508; x_wconf 71' lang='grc' dir='ltr'><em>ἐστίν</em></span> 
     </span>
     <span class='ocr_line' id='line_1_31' title="bbox 140 3522 1146 3598; baseline 0.008 -24"><span class='ocrx_word' id='word_1_256' title='bbox 140 3537 176 3576; x_wconf 86' lang='lat' dir='ltr'><em>m.</em></span> <span class='ocrx_word' id='word_1_257' title='bbox 195 3538 249 3578; x_wconf 86' lang='lat' dir='ltr'><strong>rec.</strong></span> <span class='ocrx_word' id='word_1_258' title='bbox 268 3524 302 3579; x_wconf 90' lang='lat' dir='ltr'><em>V.</em></span> <span class='ocrx_word' id='word_1_259' title='bbox 381 3530 421 3580; x_wconf 82' lang='lat'><em>13.</em></span> <span class='ocrx_word' id='word_1_260' title='bbox 442 3522 498 3578; x_wconf 75' lang='grc' dir='ltr'><em>ἔστί</em></span> <span class='ocrx_word' id='word_1_261' title='bbox 516 3543 542 3595; x_wconf 91' lang='lat' dir='ltr'><em>p.</em></span> <span class='ocrx_word' id='word_1_262' title='bbox 622 3531 662 3582; x_wconf 78' lang='lat'><em>15.</em></span> <span class='ocrx_word' id='word_1_263' title='bbox 682 3525 772 3596; x_wconf 78' lang='lat' dir='ltr'><strong>Supra</strong></span> <span class='ocrx_word' id='word_1_264' title='bbox 791 3528 848 3581; x_wconf 87' lang='grc' dir='ltr'><em>ΔΘ</em></span> <span class='ocrx_word' id='word_1_265' title='bbox 867 3524 931 3580; x_wconf 78' lang='lat' dir='ltr'>add.</span> <span class='ocrx_word' id='word_1_266' title='bbox 951 3529 990 3598; x_wconf 80' lang='grc' dir='ltr'><em>τῷ</em></span> <span class='ocrx_word' id='word_1_267' title='bbox 1008 3524 1146 3597; x_wconf 66' lang='grc' dir='ltr'><em>κατόπτας</em></span> 
     </span>
    </p>
   </div>
   <div class='ocr_carea' id='block_1_8' title="bbox 72 3606 142 3716">
    <p class='ocr_par' dir='ltr' id='par_1_9' title="bbox 72 3606 142 3716">
     <span class='ocr_line' id='line_1_32' title="bbox 72 3606 142 3716; baseline 0 0"><span class='ocrx_word' id='word_1_268' title='bbox 72 3606 142 3716; x_wconf 57' lang='grc' dir='ltr'><strong><em>Κ</em></strong></span> 
     </span>
    </p>
   </div>
   <div class='ocr_carea' id='block_1_9' title="bbox 0 0 1216 3944">
    <p class='ocr_par' dir='ltr' id='par_1_10' title="bbox 0 0 1216 3944">
     <span class='ocr_line' id='line_1_33' title="bbox 0 0 1216 3944; baseline 0 7"><span class='ocrx_word' id='word_1_269' title='bbox 0 0 1216 3944; x_wconf 95' lang='lat' dir='ltr'><em> </em></span> 
     </span>
    </p>
   </div>
  </div>
 </body>
</html>
