2424 3944
149 137 213 202 148
357 140 568 193 OPTICORUM
587 140 763 191 RECENSIO
782 140 948 193 THEONIS.

148 277 219 348 εἶτα
236 281 350 368 μέντοι
364 307 401 365 γε
419 284 560 369 ὕστερον
579 283 811 367 ἐπιβάλλοντες
828 285 890 368 τὴν
904 282 985 362 ὄψιν
998 292 1045 371 τῷ
1061 285 1162 371 τόπῳ,

150 390 187 455 ἐν
210 383 298 477 ᾧπερ
326 385 368 473 ἦν
391 391 428 455 τὸ
452 391 633 475 σωμάτιον,
661 385 752 456 εἶδον
777 392 840 475 τὴν
861 393 1013 475 βελόνην.
1060 390 1164 473 δῆλον

151 494 223 580 οὖν,
248 498 302 580 ὡς,
326 498 379 563 ὅτε
402 496 463 580 οὐχ
487 494 611 582 ἑωρᾶτο
633 499 671 562 τὸ
695 495 941 584 ἐξερριμμένον,
965 493 1045 562 οὐδὲ
1068 496 1087 562 ὁ
1111 500 1163 562 τό·

150 627 226 688 πος,
260 603 295 668 ἐν
318 596 345 690 ᾧ
368 597 424 686 ἦν,
457 601 595 689 ἑωρᾶτο·
628 605 711 668 ὥστε
739 613 798 668 τοῦ
821 603 887 669 ὑπὸ
915 605 978 688 την
1000 602 1083 682 ὄψιν
1105 612 1163 669 τοῦ

116 714 326 794 σζητοῦντος
357 708 510 794 κειμένου
537 712 641 776 τόπου
673 711 717 794 μη
746 711 874 776 ἅπαντα
901 711 941 775 τά
969 708 1051 796 μέρη
1079 718 1162 776 θεω-

151 823 293 903 ρεῖσθαι.
335 819 366 881 εί
387 817 450 902 γάρ
474 816 659 903 ἑθεωρείτο,
682 815 737 882 καὶ
760 819 798 883 τὸ
822 819 1023 902 ζητούμενον
1046 815 1089 881 ἀν
1108 814 1162 882 ἕω-

151 934 245 1009 ράτο·
279 923 340 1007 οὐχ
367 922 492 1008 ἑωρᾶτο
520 923 566 989 δέ.
618 924 674 989 ε’πί
698 948 733 989 τε
760 936 828 989 τῶν
856 924 1075 1003 ἀτενιζόντων
1098 935 1163 1000 τοῖς

151 1033 294 1114 βιβλίοις
326 1031 564 1114 συνιστάμενος
596 1033 717 1115 ἔφασκε
749 1027 832 1115 μηδὲ
864 1033 1004 1107 τούτους
1037 1030 1080 1096 ἀν
1109 1032 1162 1096 δύ-

151 1144 277 1202 νασθαι
300 1138 407 1201 πάντα
429 1137 470 1201 τά
493 1136 529 1202 ἐν
552 1146 591 1222 τῇ
614 1139 719 1203 σελίδι
738 1138 912 1224 γράμματα
931 1139 1024 1224 ὁρᾶν.
1061 1138 1162 1203 πολλὰ

100 1258 134 1307 10
153 1252 237 1326 γοῦν
261 1242 544 1328 ἀναγκαζομένους
567 1243 670 1322 δεῖξαι
693 1256 761 1309 τῶν
780 1249 927 1322 σπανίως
945 1243 1162 1332 γραφομένων

153 1350 353 1436 γραμμάτων
376 1351 420 1434 μη
444 1351 613 1415 δύνασθαι
636 1349 740 1428 δείξαι
764 1352 821 1415 διά
839 1353 876 1416 τὸ
894 1353 937 1436 μὴ
957 1353 1042 1436 πρὸς
1060 1351 1162 1416 πάντα

153 1456 193 1520 τά
212 1456 385 1540 γράμματα
403 1456 461 1531 τάς
480 1453 572 1532 ὄψεις
591 1453 764 1540 φέρεσθαι,
788 1454 860 1521 ἀλλ’
881 1456 916 1521 ἐκ
935 1457 1162 1541 διαστημάτων

153 1563 275 1640 ταύτας
301 1563 462 1649 ὑπάρχειν
494 1561 550 1627 καὶ
577 1563 683 1627 πολλά
710 1574 778 1628 τῶν
805 1562 1099 1647 κατατεταγμένων
1124 1563 1161 1649 μὴ

153 1677 306 1755 θεωρεῖν.
353 1671 436 1734 ὥστε
459 1668 494 1733 ἐκ
517 1671 637 1734 τούτου
662 1673 810 1756 φανερόν
834 1670 912 1753 ἐστι,
936 1672 1024 1735 διότι
1048 1667 1161 1736 ούδὲό

103 1791 137 1841 15
155 1780 255 1853 τόπος
273 1786 331 1861 τῆς
349 1779 478 1854 σελίδος
497 1778 573 1853 ὅλος
592 1776 801 1862 ὁραδήσεται.
837 1776 893 1842 καὶ
908 1776 961 1843 ἐπὶ
975 1788 1044 1843 τῶν
1059 1779 1162 1843 ἀλλων

154 1883 332 1968 θεαμάτων
359 1886 397 1949 τὸ
425 1885 506 1950 αὐτὸ
531 1886 715 1968 συμβαίνει.
766 1885 849 1949 ὥστε
877 1884 938 1968 οὐχ
966 1884 1161 1969 ὁραθήσεται

155 1992 222 2074 ἀμα
237 1990 297 2055 ὅλα
312 1990 352 2052 τά
370 1989 534 2075 ὁρώμενα·
559 1991 651 2055 δοκεῖ
666 1987 702 2054 δὲ
717 1990 863 2076 ὁρᾶσθαι
877 1991 934 2056 διά
947 1997 984 2055 τὸ
999 1996 1161 2056 κινεῖσθαι

155 2097 213 2172 τὰς
236 2094 329 2172 ὄψεις
351 2095 518 2181 ὑπερβολῇ
537 2097 658 2181 τάχους
675 2093 780 2181 μηδὲν
798 2096 1053 2181 ἀπολειπούσας,
1077 2117 1162 2162 τουτ-

156 2200 225 2266 έστι
247 2201 330 2267 κατά
353 2201 526 2286 συνέχειαν
543 2203 818 2290 παραφερομένας
840 2202 957 2288 καὶμὴ
977 2202 1162 2288 ἀλλομένας.

103 2325 137 2374 20
222 2310 305 2396 πρὸς
337 2305 374 2372 δὲ
405 2310 443 2374 τὸ
475 2320 514 2395 τῇ
546 2309 620 2388 ὄψει
652 2312 696 2394 μὴ
723 2313 942 2396 προσπίπτειν
969 2333 1001 2374 τι
1031 2311 1163 2375 εἴδωλον

158 2416 221 2482 ἀπὸ
245 2425 305 2481 τοῦ
324 2414 495 2502 δρωμένου
519 2419 566 2494 είς
583 2418 620 2481 τὸ
639 2425 772 2501 κινῆσαι
791 2416 897 2501 αὐτὴν
914 2417 998 2504 πρὸς
1016 2418 1054 2483 τὸ
1074 2439 1163 2483 κατα-

156 2526 271 2607 λαβεῖν
294 2523 331 2588 τὸ
355 2522 526 2609 ὁρώμενον
549 2527 666 2609 ἔφερεν
689 2526 796 2600 αίτίας
823 2525 990 2599 τοιαύτας·
1024 2522 1082 2590 καλ
1108 2523 1163 2607 γὰρ

158 2628 211 2695 ἐπὶ
234 2637 293 2695 τὀῦ
313 2629 513 2715 ζητουμένου
535 2631 684 2714 σώματος
706 2629 840 2695 καὶτοῦ
859 2634 1045 2719 τῷβιβλίφ
1066 2631 1163 2696 ἀτενί-

157 2740 270 2815 ζοντος
302 2737 444 2823 ἀπορίαν
474 2741 616 2821 κομίζων
644 2740 766 2820 ἔλεγεν·
799 2739 830 2802 εί
856 2731 899 2819 ἦν
925 2735 997 2802 κατ’
1023 2738 1164 2804 είδώλων

104 2857 138 2907 25
157 2846 323 2927 ἔμπτωσιν
346 2846 384 2910 τὸ
407 2843 563 2930 ὁρατικὸν
581 2843 699 2927 πάθος,
722 2841 778 2908 καλ
796 2843 860 2909 ἀπὸ
878 2844 1004 2919 παντὸς
1021 2845 1164 2929 σώματος

158 2951 317 3033 διηνεκῶς
335 2950 456 3015 είδωλα
474 2947 642 3035 ἀπέρρεεν,
666 2949 686 3014 ἀ
705 2961 792 3014 κινεῖ
807 2950 901 3034 ἡμῶν
920 2951 981 3033 τὴν
999 2953 1162 3034 αἴσθησιν,

230 3079 254 3126 3.
275 3068 336 3139 οὖν]
358 3090 411 3128 om.
431 3089 480 3141 vp,
499 3089 535 3125 m.
555 3087 608 3125 ree.
627 3070 660 3126 V.
733 3072 824 3140 ὡρᾶτο
843 3072 876 3140 V,
896 3088 964 3125 corr.
983 3089 1021 3125 m.
1040 3077 1065 3127 1.
1128 3069 1162 3134 ἐξ·

161 3142 309 3214 εριμμένον
327 3144 383 3213 Vp.
440 3148 463 3196 5.
483 3143 667 3214 θεωρεῖσθαι]
688 3160 739 3195 -ει-
758 3142 929 3197 inras.m.1
946 3142 979 3196 V.
1037 3148 1061 3197 7.
1081 3144 1162 3197 ἀτενι-

160 3217 269 3280 ζόντων
288 3231 313 3285 v,
334 3216 383 3268 sed
402 3231 470 3268 corr.
535 3219 559 3267 8.
580 3213 701 3283 ἔφασκεν
720 3214 775 3268 Vv.
834 3211 1035 3281 συνιστάμενος
1054 3209 1161 3284 ἔφασκε]

161 3286 224 3355 del,
244 3304 328 3357 supra
347 3303 398 3341 scr.
418 3283 520 3354 ὁμοίως
538 3282 607 3355 φησί
625 3303 661 3339 m.
680 3301 733 3339 rec.
753 3287 786 3340 V.
853 3291 877 3340 9.
896 3283 1031 3348 πολλάκις
1048 3285 1084 3354 V,
1103 3299 1161 3338 corr.

160 3374 260 3411 mee.
316 3363 357 3412 14.
373 3358 438 3425 ἐστι,
448 3357 531 3428 διότι]
546 3355 656 3410 mut.in
670 3356 743 3412 ἐστιν
754 3355 797 3411 ὅτι
810 3376 845 3411 m.
857 3373 910 3411 ree.
921 3357 954 3411 V.
1013 3361 1054 3411 15.
1070 3352 1162 3423 ἀλλων]
1204 3372 1206 3425 ζ

161 3429 254 3482 αὐτῶν
272 3429 305 3497 V,
325 3446 393 3484 corr.
413 3447 448 3484 m.
468 3445 522 3482 rec.
583 3433 625 3482 17.
645 3427 715 3499 ἅμα]
736 3446 820 3497 συρτει
840 3445 889 3483 scr.
909 3446 944 3482 m.
965 3443 1019 3482 rec.
1039 3428 1074 3483 V.
1128 3429 1161 3479 18.
1204 3462 1206 3501 ,

160 3498 229 3552 Post
246 3500 385 3572 ὑπερβολῇ
403 3518 457 3554 ras.
474 3507 488 3554 1
508 3500 563 3554 litt.
582 3519 606 3553 τ.
689 3497 800 3571 τάχους]
820 3517 888 3555 corr.
909 3517 942 3554 ex
960 3497 1046 3571 τάχος
1064 3518 1101 3554 m.
1115 3504 1130 3553 λ
1142 3512 1162 3548 τ.
1204 3506 1206 3541 ἐ
