2424 3944
488 183 719 236 CATOPTRICA.
1041 180 1106 246 335

92 326 403 412 perpendiculariter
430 329 532 410 secat,
563 326 593 390 h.
614 350 638 391 e.
666 328 702 391 in
727 332 800 391 ΑΛ.
855 327 921 390 iam
954 327 1107 411 quoniam

91 437 162 499 ΒΓ
172 463 212 485 =
229 437 305 517 ΒΖ,
333 435 397 497 ΓΘ
411 463 454 485 =
470 436 546 517 ΖΘ,
578 436 647 497 ΒΓ
664 437 696 497 et
722 438 785 498 ΖΘ
806 432 979 518 parallelae
1003 439 1105 498 erunt.

284 599 321 646 1⁷
551 539 662 623 itaque
693 540 802 604 radius
836 543 906 604 ΒΓ
935 562 1002 604 non
1034 562 1106 605 oon·

553 650 660 710 curret
686 651 793 711 rectae
821 670 838 711 e
862 650 972 711 centro
1001 647 1042 710 ad
1063 646 1106 731 id,

98 784 132 845 Α
304 665 491 897 ΧΑ
553 753 638 837 quod
671 753 827 839 cernitur,
859 754 986 838 ductae,
1018 752 1050 816 h.
1079 775 1104 817 e.

116 869 129 1030 t
215 851 378 997 BN&
554 863 630 944 ΖΘ,
658 859 697 922 ad
723 864 833 944 partes
863 865 905 942 Θ,
929 863 962 924 Γ
983 881 1104 924 uersus.

476 900 494 1027 i
552 986 630 1050 ergo
659 966 771 1031 oculus
802 971 830 1030 Θ
861 989 928 1031 non
959 967 1104 1052 adparet3

284 1044 307 1089 Z
552 1072 727 1156 adparebat
750 1072 836 1137 enim
859 1073 894 1136 in
917 1095 955 1137 eo
974 1077 1104 1158 puncta,

89 1182 149 1246 ubi
172 1184 243 1266 ΒΓ,
262 1185 326 1245 ΖΘ
349 1183 583 1245 concurrerent.

158 1328 270 1370 rursus
286 1304 396 1369 eadem
411 1303 486 1390 sint,
505 1303 590 1367 oculi
605 1307 714 1367 autem
729 1307 767 1388 Β,
781 1306 813 1367 Γ
826 1325 925 1386 supra
937 1309 1104 1389 punctum,

90 1412 149 1477 ubi
172 1412 281 1477 radius
305 1411 339 1475 in
358 1412 436 1475 duas
459 1414 569 1494 partes
589 1410 738 1494 aequales
758 1414 895 1495 secatur,
917 1410 1018 1494 positi
1037 1411 1103 1475 sint

91 1519 272 1603 aequaliter
300 1541 319 1582 a
344 1517 435 1582 radio
460 1521 525 1582 ΖΑ
553 1517 718 1581 distantes.
766 1517 851 1598 dico,
884 1521 913 1581 Β
941 1522 974 1580 et
998 1520 1031 1581 Γ
1052 1518 1105 1581 ad-

107 1698 144 1744 ff
272 1691 313 1739 M
446 1685 476 1734 Θ
538 1645 666 1708 parere,
698 1628 731 1687 et
759 1627 868 1707 partes
901 1624 1030 1687 dextras
1063 1623 1103 1687 si-

537 1729 667 1814 nistras,
682 1729 829 1794 sinistras
844 1733 954 1793 autem
966 1730 1104 1814 dextrae,

538 1840 571 1900 et
609 1836 785 1921 imaginem
827 1836 909 1900 facie
948 1836 1103 1899 maiorem

537 1942 756 2026 maioremque
784 1965 803 2006 a
825 1941 956 2025 speculo
982 1942 1102 2006 distan-

537 2049 618 2113 tiam
640 2049 823 2113 habentem.
865 2048 908 2113 sit
932 2048 1018 2114 enim
1042 2053 1104 2114 BA

536 2155 644 2220 radius
677 2155 849 2240 refractus,
885 2160 918 2220 et
945 2178 964 2219 a
991 2161 1103 2222 centro

538 2267 565 2326 Z
607 2263 647 2326 ad
684 2266 727 2348 Β,
760 2266 792 2325 Γ
831 2264 990 2327 ducantur
1028 2268 1101 2346 ΖΒ,

539 2372 612 2454 ΖΓ,
645 2373 678 2434 ct
700 2370 898 2452 producatur
920 2372 991 2433 BA.
1036 2369 1101 2433 iam

538 2475 691 2558 quoniam
716 2475 751 2538 in
771 2480 810 2539 N
832 2476 868 2538 in
891 2476 970 2539 duas
992 2479 1103 2558 partes

91 2577 241 2661 aequales
265 2581 353 2642 secta
379 2581 429 2642 est
452 2584 532 2665 ΑΖ,
565 2581 626 2643 erit
654 2584 842 2653 BZ>BA
875 2583 908 2644 et
935 2583 1005 2654 LK
1015 2592 1049 2654 >
1064 2585 1102 2644 E.

90 2707 204 2749 uerum
227 2688 297 2760 LK
309 2690 412 2772 ΞΛ,
440 2708 538 2769 quare
562 2686 661 2750 etiam
684 2692 752 2762 LA
765 2698 798 2759 >
814 2691 852 2750 E.
897 2686 1007 2769 itaque
1032 2690 1102 2770 ZB,

90 2794 151 2856 ΓΑ
176 2792 353 2875 productae
380 2797 580 2858 concurrent.
627 2797 820 2857 concurrant
842 2792 877 2856 in
900 2797 943 2857 Π.
990 2794 1101 2857 eadem

89 2899 127 2962 de
156 2920 253 2962 causa
280 2897 379 2962 etiam
406 2903 482 2985 ΒΑ,
507 2902 573 2963 ΖΓ
599 2898 634 2962 in
659 2903 688 2963 Θ
715 2904 916 2965 concurrent.
971 2922 1048 2986 ergo
1074 2903 1106 2964 Γ

88 3005 123 3068 in
157 3009 186 3068 Θ
216 3009 379 3090 cernetur,
410 3010 439 3070 Β
472 3010 581 3069 autem
614 3006 646 3068 in
677 3010 728 3091 11,
764 3009 797 3069 ct
828 3009 937 3090 partes
971 3007 1100 3071 dextrae

89 3110 241 3175 sinistrae
264 3112 429 3197 adparent,
452 3111 602 3176 sinistrae
626 3117 735 3177 autem
758 3113 898 3177 dextrae.
939 3113 1005 3178 iam
1022 3136 1100 3179 uero

88 3217 188 3282 etiam
214 3222 285 3282 ΘΠ
295 3228 329 3291 >
344 3221 372 3281 Β
379 3221 422 3302 Γ,
451 3222 527 3282 sunt
551 3217 637 3282 enim
660 3218 843 3301 parallelae.
890 3241 968 3305 ergo
991 3220 1100 3306 imago

88 3480 123 3516 ex
142 3462 178 3530 δή
196 3462 232 3516 M.
290 3465 382 3532 μεῖζον
400 3480 426 3517 r.
482 3469 524 3520 20.
543 3465 678 3536 coapata]
698 3479 765 3519 corr.
782 3479 816 3518 ex
832 3464 863 3519 τό
883 3466 919 3519 Μ.
976 3471 1017 3520 22.
1033 3464 1100 3537 μήν]

88 3552 142 3588 om.
161 3534 198 3588 M.
273 3535 346 3605 ΘΠ]
366 3536 477 3589 ΠΘ111.
