<?xml version="1.0" encoding="UTF-8"?>
<!DOCTYPE html PUBLIC "-//W3C//DTD XHTML 1.0 Transitional//EN"
    "http://www.w3.org/TR/xhtml1/DTD/xhtml1-transitional.dtd">
<html xmlns="http://www.w3.org/1999/xhtml" xml:lang="en" lang="en">
 <head>
  <title>
</title>
<meta http-equiv="Content-Type" content="text/html;charset=utf-8" />
  <meta name='ocr-system' content='tesseract 3.04.00' />
  <meta name='ocr-capabilities' content='ocr_page ocr_carea ocr_par ocr_line ocrx_word'/>
</head>
<body>
  <div class='ocr_page' id='page_1' title='image "./euclidisoperaom01unkngoog_0161.png"; bbox 0 0 2424 3944; ppageno 0'>
   <div class='ocr_carea' id='block_1_1' title="bbox 123 133 790 198">
    <p class='ocr_par' dir='ltr' id='par_1_1' title="bbox 123 133 790 198">
     <span class='ocr_line' id='line_1_1' title="bbox 123 133 790 198; baseline -0.006 -8"><span class='ocrx_word' id='word_1_1' title='bbox 123 133 166 198; x_wconf 83' lang='lat' dir='ltr'><strong><em>9ss</em></strong></span> <span class='ocrx_word' id='word_1_2' title='bbox 464 133 635 191; x_wconf 74' lang='grc' dir='ltr'><strong><em>Ευοιιοιε</em></strong></span> <span class='ocrx_word' id='word_1_3' title='bbox 654 133 790 187; x_wconf 77' lang='lat' dir='ltr'><strong><em>0ch.</em></strong></span> 
     </span>
    </p>
   </div>
   <div class='ocr_carea' id='block_1_2' title="bbox 89 276 1141 789">
    <p class='ocr_par' dir='ltr' id='par_1_2' title="bbox 123 276 1140 363">
     <span class='ocr_line' id='line_1_2' title="bbox 123 276 1140 363; baseline -0.001 -21"><span class='ocrx_word' id='word_1_4' title='bbox 123 281 240 363; x_wconf 83' lang='grc' dir='ltr'><strong><em>μείζων</em></strong></span> <span class='ocrx_word' id='word_1_5' title='bbox 266 279 329 360; x_wconf 85' lang='grc' dir='ltr'><strong><em>άρα</em></strong></span> <span class='ocrx_word' id='word_1_6' title='bbox 353 278 534 361; x_wconf 81' lang='grc' dir='ltr'><strong><em>φανήσεται</em></strong></span> <span class='ocrx_word' id='word_1_7' title='bbox 557 276 577 359; x_wconf 92' lang='grc' dir='ltr'><strong><em>ἡ</em></strong></span> <span class='ocrx_word' id='word_1_8' title='bbox 601 282 667 342; x_wconf 89' lang='lat' dir='ltr'><strong><em>AB</em></strong></span> <span class='ocrx_word' id='word_1_9' title='bbox 690 288 747 361; x_wconf 82' lang='grc' dir='ltr'><strong><em>τῇς</em></strong></span> <span class='ocrx_word' id='word_1_10' title='bbox 766 281 837 342; x_wconf 89' lang='grc' dir='ltr'><strong><em>ΒΓ.</em></strong></span> <span class='ocrx_word' id='word_1_11' title='bbox 876 276 939 342; x_wconf 85' lang='grc' dir='ltr'><strong><em>κάν</em></strong></span> <span class='ocrx_word' id='word_1_12' title='bbox 957 280 1140 363; x_wconf 79' lang='grc' dir='ltr'><strong><em>μεταβαίνῃ</em></strong></span> 
     </span>
    </p>

    <p class='ocr_par' dir='ltr' id='par_1_3' title="bbox 123 382 1141 469">
     <span class='ocr_line' id='line_1_3' title="bbox 123 382 1141 469; baseline -0.002 -19"><span class='ocrx_word' id='word_1_13' title='bbox 123 383 160 450; x_wconf 72' lang='grc' dir='ltr'><strong><em>δὲ</em></strong></span> <span class='ocrx_word' id='word_1_14' title='bbox 179 384 231 450; x_wconf 79' lang='grc' dir='ltr'><strong><em>ἐπὶ</em></strong></span> <span class='ocrx_word' id='word_1_15' title='bbox 250 394 308 469; x_wconf 76' lang='grc' dir='ltr'><strong><em>τῇς</em></strong></span> <span class='ocrx_word' id='word_1_16' title='bbox 326 388 409 466; x_wconf 85' lang='grc' dir='ltr'><strong><em>ΕΗ,</em></strong></span> <span class='ocrx_word' id='word_1_17' title='bbox 434 385 533 448; x_wconf 85' lang='grc' dir='ltr'><strong><em>άνισα</em></strong></span> <span class='ocrx_word' id='word_1_18' title='bbox 552 382 673 467; x_wconf 80' lang='grc' dir='ltr'><strong><em>ὁμοίως</em></strong></span> <span class='ocrx_word' id='word_1_19' title='bbox 696 387 892 468; x_wconf 81' lang='grc' dir='ltr'><strong><em>φανήσεται,</em></strong></span> <span class='ocrx_word' id='word_1_20' title='bbox 915 382 971 449; x_wconf 82' lang='grc' dir='ltr'><strong><em>καὶ</em></strong></span> <span class='ocrx_word' id='word_1_21' title='bbox 995 382 1047 449; x_wconf 80' lang='grc' dir='ltr'><strong><em>ἐπὶ</em></strong></span> <span class='ocrx_word' id='word_1_22' title='bbox 1071 394 1141 448; x_wconf 87' lang='grc' dir='ltr'><strong><em>τῶν</em></strong></span> 
     </span>
    </p>

    <p class='ocr_par' dir='ltr' id='par_1_4' title="bbox 123 488 1141 577">
     <span class='ocr_line' id='line_1_4' title="bbox 123 488 1141 577; baseline -0.003 -20"><span class='ocrx_word' id='word_1_23' title='bbox 123 501 183 557; x_wconf 90' lang='grc' dir='ltr'><strong><em>τοῦ</em></strong></span> <span class='ocrx_word' id='word_1_24' title='bbox 208 493 332 557; x_wconf 81' lang='grc' dir='ltr'><strong><em>κύκλου</em></strong></span> <span class='ocrx_word' id='word_1_25' title='bbox 360 500 469 574; x_wconf 80' lang='grc' dir='ltr'><strong><em>μερῶν</em></strong></span> <span class='ocrx_word' id='word_1_26' title='bbox 496 488 597 574; x_wconf 78' lang='grc' dir='ltr'><strong><em>χωρὶς</em></strong></span> <span class='ocrx_word' id='word_1_27' title='bbox 623 499 680 574; x_wconf 83' lang='grc' dir='ltr'><strong><em>τῇς</em></strong></span> <span class='ocrx_word' id='word_1_28' title='bbox 708 492 790 577; x_wconf 83' lang='grc' dir='ltr'><strong><em>πρὸς</em></strong></span> <span class='ocrx_word' id='word_1_29' title='bbox 820 492 926 577; x_wconf 75' lang='grc' dir='ltr'><strong><em>ὀρθάς</em></strong></span> <span class='ocrx_word' id='word_1_30' title='bbox 960 490 1017 555; x_wconf 84' lang='grc' dir='ltr'><strong><em>ἐάν</em></strong></span> <span class='ocrx_word' id='word_1_31' title='bbox 1044 497 1141 576; x_wconf 91' lang='grc' dir='ltr'><strong><em>τεθῇ,</em></strong></span> 
     </span>
    </p>

    <p class='ocr_par' dir='ltr' id='par_1_5' title="bbox 89 593 1140 789">
     <span class='ocr_line' id='line_1_5' title="bbox 123 593 1140 683; baseline -0.001 -20"><span class='ocrx_word' id='word_1_32' title='bbox 123 599 222 664; x_wconf 85' lang='grc' dir='ltr'><strong><em>άνισα</em></strong></span> <span class='ocrx_word' id='word_1_33' title='bbox 250 599 417 681; x_wconf 86' lang='grc' dir='ltr'><strong><em>φαίνεται,</em></strong></span> <span class='ocrx_word' id='word_1_34' title='bbox 449 593 505 660; x_wconf 81' lang='grc' dir='ltr'><strong><em>καὶ</em></strong></span> <span class='ocrx_word' id='word_1_35' title='bbox 533 595 591 661; x_wconf 88' lang='grc' dir='ltr'><strong><em>ε’διν</em></strong></span> <span class='ocrx_word' id='word_1_36' title='bbox 616 595 706 672; x_wconf 83' lang='grc' dir='ltr'><strong><em>ε’κτὸς</em></strong></span> <span class='ocrx_word' id='word_1_37' title='bbox 736 605 796 661; x_wconf 88' lang='grc' dir='ltr'><strong><em>τοῦ</em></strong></span> <span class='ocrx_word' id='word_1_38' title='bbox 823 599 947 662; x_wconf 81' lang='grc' dir='ltr'><strong><em>κύκλου</em></strong></span> <span class='ocrx_word' id='word_1_39' title='bbox 980 604 1063 683; x_wconf 88' lang='grc' dir='ltr'><strong><em>τεθῇ</em></strong></span> <span class='ocrx_word' id='word_1_40' title='bbox 1094 600 1140 682; x_wconf 94' lang='grc' dir='ltr'><strong><em>μὴ</em></strong></span> 
     </span>
     <span class='ocr_line' id='line_1_6' title="bbox 89 702 861 789; baseline -0.001 -19"><span class='ocrx_word' id='word_1_41' title='bbox 89 714 104 763; x_wconf 79' lang='grc' dir='ltr'>ὃ</span> <span class='ocrx_word' id='word_1_42' title='bbox 124 702 174 771; x_wconf 83' lang='grc' dir='ltr'><strong><em>ἐπ’</em></strong></span> <span class='ocrx_word' id='word_1_43' title='bbox 196 704 329 780; x_wconf 76' lang='grc' dir='ltr'><strong><em>εὐθείας</em></strong></span> <span class='ocrx_word' id='word_1_44' title='bbox 352 703 392 768; x_wconf 86' lang='grc' dir='ltr'><strong><em>δν</em></strong></span> <span class='ocrx_word' id='word_1_45' title='bbox 414 714 454 789; x_wconf 88' lang='grc' dir='ltr'><strong><em>τῇ</em></strong></span> <span class='ocrx_word' id='word_1_46' title='bbox 477 709 510 767; x_wconf 90' lang='grc' dir='ltr'><em>Δ</em></span> <span class='ocrx_word' id='word_1_47' title='bbox 516 707 554 787; x_wconf 89' lang='grc' dir='ltr'><strong><em>Ζ,</em></strong></span> <span class='ocrx_word' id='word_1_48' title='bbox 578 704 676 768; x_wconf 83' lang='grc' dir='ltr'><strong><em>άνισα</em></strong></span> <span class='ocrx_word' id='word_1_49' title='bbox 700 706 861 788; x_wconf 81' lang='grc' dir='ltr'><strong><em>φαίνεται.</em></strong></span> 
     </span>
    </p>
   </div>
   <div class='ocr_carea' id='block_1_3' title="bbox 71 897 1150 3421">
    <p class='ocr_par' dir='ltr' id='par_1_6' title="bbox 547 897 703 975">
     <span class='ocr_line' id='line_1_7' title="bbox 547 897 703 975; baseline 0.006 -12"><span class='ocrx_word' id='word_1_50' title='bbox 547 897 703 975; x_wconf 68' lang='grc' dir='ltr'><strong><em>Ἄλλως.</em></strong></span> 
     </span>
    </p>

    <p class='ocr_par' dir='ltr' id='par_1_7' title="bbox 123 1020 1150 1324">
     <span class='ocr_line' id='line_1_8' title="bbox 183 1020 1150 1109; baseline 0.002 -20"><span class='ocrx_word' id='word_1_51' title='bbox 183 1023 287 1089; x_wconf 84' lang='grc' dir='ltr'><strong><em>Ἔστω</em></strong></span> <span class='ocrx_word' id='word_1_52' title='bbox 311 1024 374 1108; x_wconf 83' lang='grc' dir='ltr'><strong><em>γάρ</em></strong></span> <span class='ocrx_word' id='word_1_53' title='bbox 399 1029 453 1107; x_wconf 82' lang='grc' dir='ltr'><strong><em>ίσὴ</em></strong></span> <span class='ocrx_word' id='word_1_54' title='bbox 472 1022 492 1105; x_wconf 92' lang='grc' dir='ltr'><strong><em>ἡ</em></strong></span> <span class='ocrx_word' id='word_1_55' title='bbox 512 1026 579 1087; x_wconf 90' lang='grc' dir='ltr'><strong><em>ΒΓ</em></strong></span> <span class='ocrx_word' id='word_1_56' title='bbox 598 1032 636 1107; x_wconf 90' lang='grc' dir='ltr'><strong><em>τῇ</em></strong></span> <span class='ocrx_word' id='word_1_57' title='bbox 656 1025 726 1106; x_wconf 85' lang='grc' dir='ltr'><strong><em>ΓΛ,</em></strong></span> <span class='ocrx_word' id='word_1_58' title='bbox 749 1020 898 1108; x_wconf 79' lang='grc' dir='ltr'><strong><em>καὶπερὶ</em></strong></span> <span class='ocrx_word' id='word_1_59' title='bbox 916 1020 976 1108; x_wconf 72' lang='grc' dir='ltr'><strong><em>μὲν</em></strong></span> <span class='ocrx_word' id='word_1_60' title='bbox 995 1027 1056 1109; x_wconf 92' lang='grc' dir='ltr'><strong><em>τὴν</em></strong></span> <span class='ocrx_word' id='word_1_61' title='bbox 1075 1030 1150 1091; x_wconf 89' lang='grc' dir='ltr'><strong><em>ΒΓ</em></strong></span> 
     </span>
     <span class='ocr_line' id='line_1_9' title="bbox 123 1127 1143 1216; baseline 0.003 -21"><span class='ocrx_word' id='word_1_62' title='bbox 123 1130 319 1216; x_wconf 79' lang='grc' dir='ltr'><strong><em>ἡμικύκλιον</em></strong></span> <span class='ocrx_word' id='word_1_63' title='bbox 337 1130 518 1214; x_wconf 77' lang='grc' dir='ltr'><strong><em>γεγράφθω</em></strong></span> <span class='ocrx_word' id='word_1_64' title='bbox 538 1130 575 1194; x_wconf 92' lang='grc' dir='ltr'><strong><em>τὸ</em></strong></span> <span class='ocrx_word' id='word_1_65' title='bbox 592 1133 698 1212; x_wconf 90' lang='grc' dir='ltr'><strong><em>ΒΖΓ,</em></strong></span> <span class='ocrx_word' id='word_1_66' title='bbox 721 1127 797 1210; x_wconf 81' lang='grc' dir='ltr'><strong><em>περὶ</em></strong></span> <span class='ocrx_word' id='word_1_67' title='bbox 816 1128 853 1195; x_wconf 76' lang='grc' dir='ltr'><strong><em>δὲ</em></strong></span> <span class='ocrx_word' id='word_1_68' title='bbox 871 1132 932 1214; x_wconf 92' lang='grc' dir='ltr'><strong><em>τὴν</em></strong></span> <span class='ocrx_word' id='word_1_69' title='bbox 947 1135 1009 1195; x_wconf 89' lang='grc' dir='ltr'><strong><em>ΓΛ</em></strong></span> <span class='ocrx_word' id='word_1_70' title='bbox 1027 1136 1143 1216; x_wconf 82' lang='grc' dir='ltr'><strong><em>μεῖζον</em></strong></span> 
     </span>
     <span class='ocr_line' id='line_1_10' title="bbox 123 1225 1142 1324; baseline 0.002 -23"><span class='ocrx_word' id='word_1_71' title='bbox 123 1237 319 1322; x_wconf 79' lang='grc' dir='ltr'><strong><em>ἡμικυκλίου</em></strong></span> <span class='ocrx_word' id='word_1_72' title='bbox 343 1238 380 1302; x_wconf 88' lang='grc' dir='ltr'><strong><em>τὸ</em></strong></span> <span class='ocrx_word' id='word_1_73' title='bbox 405 1241 511 1301; x_wconf 85' lang='grc' dir='ltr'><em>ΓΖΛ·</em></span> <span class='ocrx_word' id='word_1_74' title='bbox 544 1234 599 1301; x_wconf 76' lang='grc' dir='ltr'><strong><em>καὶ</em></strong></span> <span class='ocrx_word' id='word_1_75' title='bbox 622 1239 784 1322; x_wconf 84' lang='grc' dir='ltr'><strong><em>φανερόν,</em></strong></span> <span class='ocrx_word' id='word_1_76' title='bbox 812 1237 863 1301; x_wconf 79' lang='grc' dir='ltr'><strong><em>ὅτι</em></strong></span> <span class='ocrx_word' id='word_1_77' title='bbox 886 1249 977 1322; x_wconf 82' lang='grc' dir='ltr'><strong><em>τεμεῖ</em></strong></span> <span class='ocrx_word' id='word_1_78' title='bbox 997 1239 1033 1303; x_wconf 91' lang='grc' dir='ltr'><strong><em>τὸ</em></strong></span> <span class='ocrx_word' id='word_1_79' title='bbox 1057 1225 1142 1324; x_wconf 86' lang='grc' dir='ltr'><strong><em>προ-</em></strong></span> 
     </span>
    </p>

    <p class='ocr_par' dir='ltr' id='par_1_8' title="bbox 71 1341 1143 1856">
     <span class='ocr_line' id='line_1_11' title="bbox 71 1341 1142 1429; baseline 0.007 -27"><span class='ocrx_word' id='word_1_80' title='bbox 71 1353 106 1402; x_wconf 87' lang='lat'><strong><em>10</em></strong></span> <span class='ocrx_word' id='word_1_81' title='bbox 124 1342 298 1429; x_wconf 86' lang='grc' dir='ltr'><strong><em>ειρημένον</em></strong></span> <span class='ocrx_word' id='word_1_82' title='bbox 321 1343 524 1428; x_wconf 93' lang='grc' dir='ltr'><strong><em>ἡμικύκλιον.</em></strong></span> <span class='ocrx_word' id='word_1_83' title='bbox 571 1343 716 1408; x_wconf 86' lang='grc' dir='ltr'><strong><em>δυνατὸν</em></strong></span> <span class='ocrx_word' id='word_1_84' title='bbox 740 1341 779 1408; x_wconf 83' lang='grc' dir='ltr'><strong><em>δέ</em></strong></span> <span class='ocrx_word' id='word_1_85' title='bbox 800 1343 891 1408; x_wconf 81' lang='grc' dir='ltr'><strong><em>ἐστιν</em></strong></span> <span class='ocrx_word' id='word_1_86' title='bbox 919 1342 972 1408; x_wconf 79' lang='grc' dir='ltr'><strong><em>ἐπὶ</em></strong></span> <span class='ocrx_word' id='word_1_87' title='bbox 995 1353 1052 1429; x_wconf 80' lang='grc' dir='ltr'><strong><em>τῇς</em></strong></span> <span class='ocrx_word' id='word_1_88' title='bbox 1078 1348 1142 1409; x_wconf 87' lang='grc' dir='ltr'><strong><em>ΓΛ</em></strong></span> 
     </span>
     <span class='ocr_line' id='line_1_12' title="bbox 123 1449 1142 1537; baseline 0.001 -22"><span class='ocrx_word' id='word_1_89' title='bbox 123 1450 249 1537; x_wconf 78' lang='grc' dir='ltr'><strong><em>γράψαι</em></strong></span> <span class='ocrx_word' id='word_1_90' title='bbox 272 1460 380 1535; x_wconf 87' lang='grc' dir='ltr'><strong><em>τμῇμα</em></strong></span> <span class='ocrx_word' id='word_1_91' title='bbox 398 1453 507 1535; x_wconf 81' lang='grc' dir='ltr'><strong><em>μεῖζον</em></strong></span> <span class='ocrx_word' id='word_1_92' title='bbox 526 1449 732 1534; x_wconf 86' lang='grc' dir='ltr'><strong><em>ἡμικυκλίου.</em></strong></span> <span class='ocrx_word' id='word_1_93' title='bbox 769 1449 827 1514; x_wconf 89' lang='grc' dir='ltr'><strong><em>ε’διν</em></strong></span> <span class='ocrx_word' id='word_1_94' title='bbox 846 1452 909 1537; x_wconf 83' lang='grc' dir='ltr'><strong><em>γάρ</em></strong></span> <span class='ocrx_word' id='word_1_95' title='bbox 927 1450 1142 1535; x_wconf 83' lang='grc' dir='ltr'><strong><em>ὑποθώμεθα</em></strong></span> 
     </span>
     <span class='ocr_line' id='line_1_13' title="bbox 124 1555 1143 1641; baseline -0.001 -18"><span class='ocrx_word' id='word_1_96' title='bbox 124 1555 233 1636; x_wconf 84' lang='grc' dir='ltr'><strong><em>ὀξεῐάν</em></strong></span> <span class='ocrx_word' id='word_1_97' title='bbox 260 1580 335 1622; x_wconf 92' lang='grc' dir='ltr'><strong><em>τινα</em></strong></span> <span class='ocrx_word' id='word_1_98' title='bbox 362 1561 502 1640; x_wconf 82' lang='grc' dir='ltr'><strong><em>γωνίαν,</em></strong></span> <span class='ocrx_word' id='word_1_99' title='bbox 530 1557 676 1621; x_wconf 88' lang='grc' dir='ltr'><strong><em>δυνατὸν</em></strong></span> <span class='ocrx_word' id='word_1_100' title='bbox 704 1556 783 1641; x_wconf 79' lang='grc' dir='ltr'><strong><em>ἡμῖν</em></strong></span> <span class='ocrx_word' id='word_1_101' title='bbox 807 1556 897 1622; x_wconf 86' lang='grc' dir='ltr'><strong><em>ἐστιν</em></strong></span> <span class='ocrx_word' id='word_1_102' title='bbox 920 1555 973 1622; x_wconf 81' lang='grc' dir='ltr'><strong><em>ἐπὶ</em></strong></span> <span class='ocrx_word' id='word_1_103' title='bbox 996 1567 1054 1640; x_wconf 81' lang='grc' dir='ltr'><strong><em>τῇς</em></strong></span> <span class='ocrx_word' id='word_1_104' title='bbox 1079 1561 1143 1622; x_wconf 86' lang='grc' dir='ltr'><strong><em>ΓΔ</em></strong></span> 
     </span>
     <span class='ocr_line' id='line_1_14' title="bbox 124 1663 1142 1750; baseline 0.002 -24"><span class='ocrx_word' id='word_1_105' title='bbox 124 1663 249 1750; x_wconf 78' lang='grc' dir='ltr'><strong><em>γράψαι</em></strong></span> <span class='ocrx_word' id='word_1_106' title='bbox 272 1671 381 1747; x_wconf 82' lang='grc' dir='ltr'><strong><em>τμῆμα</em></strong></span> <span class='ocrx_word' id='word_1_107' title='bbox 403 1665 527 1728; x_wconf 91' lang='grc' dir='ltr'><strong><em>κύκλου</em></strong></span> <span class='ocrx_word' id='word_1_108' title='bbox 552 1663 731 1747; x_wconf 77' lang='grc' dir='ltr'><strong><em>δεχόμενον</em></strong></span> <span class='ocrx_word' id='word_1_109' title='bbox 753 1667 880 1745; x_wconf 86' lang='grc' dir='ltr'><strong><em>γωνίαν</em></strong></span> <span class='ocrx_word' id='word_1_110' title='bbox 905 1670 980 1747; x_wconf 87' lang='grc' dir='ltr'><strong><em>ίσην</em></strong></span> <span class='ocrx_word' id='word_1_111' title='bbox 998 1672 1038 1748; x_wconf 87' lang='grc' dir='ltr'><strong><em>τῇ</em></strong></span> <span class='ocrx_word' id='word_1_112' title='bbox 1057 1663 1142 1728; x_wconf 85' lang='grc' dir='ltr'><strong><em>ὑπο-</em></strong></span> 
     </span>
     <span class='ocr_line' id='line_1_15' title="bbox 124 1768 1142 1856; baseline 0.001 -21"><span class='ocrx_word' id='word_1_113' title='bbox 124 1768 255 1855; x_wconf 79' lang='grc' dir='ltr'><strong><em>κειμένῃ</em></strong></span> <span class='ocrx_word' id='word_1_114' title='bbox 279 1768 366 1856; x_wconf 81' lang='grc' dir='ltr'><strong><em>ὀξείᾳ</em></strong></span> <span class='ocrx_word' id='word_1_115' title='bbox 389 1773 508 1856; x_wconf 81' lang='grc' dir='ltr'><strong><em>γωνίᾳ,</em></strong></span> <span class='ocrx_word' id='word_1_116' title='bbox 534 1770 579 1846; x_wconf 82' lang='grc' dir='ltr'><strong><em>ὡς</em></strong></span> <span class='ocrx_word' id='word_1_117' title='bbox 602 1769 665 1834; x_wconf 87' lang='grc' dir='ltr'><strong><em>άπὸ</em></strong></span> <span class='ocrx_word' id='word_1_118' title='bbox 688 1778 749 1834; x_wconf 88' lang='grc' dir='ltr'><strong><em>τοῦ</em></strong></span> <span class='ocrx_word' id='word_1_119' title='bbox 773 1768 826 1851; x_wconf 87' lang='grc' dir='ltr'><strong><em>λγ’</em></strong></span> <span class='ocrx_word' id='word_1_120' title='bbox 850 1778 909 1834; x_wconf 84' lang='grc' dir='ltr'><strong><em>τοῦ</em></strong></span> <span class='ocrx_word' id='word_1_121' title='bbox 933 1774 1048 1856; x_wconf 89' lang='grc' dir='ltr'><strong><em>τρίτου</em></strong></span> <span class='ocrx_word' id='word_1_122' title='bbox 1071 1782 1142 1836; x_wconf 85' lang='grc' dir='ltr'><strong><em>τῶν</em></strong></span> 
     </span>
    </p>

    <p class='ocr_par' dir='ltr' id='par_1_9' title="bbox 72 1874 1143 2391">
     <span class='ocr_line' id='line_1_16' title="bbox 72 1874 1143 1961; baseline 0.007 -25"><span class='ocrx_word' id='word_1_123' title='bbox 72 1887 106 1936; x_wconf 82' lang='lat'><strong><em>15</em></strong></span> <span class='ocrx_word' id='word_1_124' title='bbox 126 1875 299 1959; x_wconf 83' lang='grc' dir='ltr'><strong><em>ἐπιπέδων,</em></strong></span> <span class='ocrx_word' id='word_1_125' title='bbox 322 1874 377 1941; x_wconf 85' lang='grc' dir='ltr'><strong><em>καὶ</em></strong></span> <span class='ocrx_word' id='word_1_126' title='bbox 401 1879 490 1941; x_wconf 81' lang='grc' dir='ltr'><strong><em>ἔσται</em></strong></span> <span class='ocrx_word' id='word_1_127' title='bbox 514 1877 550 1940; x_wconf 91' lang='grc' dir='ltr'><strong><em>τὸ</em></strong></span> <span class='ocrx_word' id='word_1_128' title='bbox 570 1876 812 1960; x_wconf 86' lang='grc' dir='ltr'><strong><em>συνιστάμενον</em></strong></span> <span class='ocrx_word' id='word_1_129' title='bbox 835 1874 885 1941; x_wconf 79' lang='grc' dir='ltr'><strong><em>ἐπ’</em></strong></span> <span class='ocrx_word' id='word_1_130' title='bbox 907 1876 1008 1961; x_wconf 83' lang='grc' dir='ltr'><strong><em>αὐτῇς</em></strong></span> <span class='ocrx_word' id='word_1_131' title='bbox 1028 1881 1143 1961; x_wconf 79' lang='grc' dir='ltr'><strong><em>μεῖζον</em></strong></span> 
     </span>
     <span class='ocr_line' id='line_1_17' title="bbox 124 1981 1141 2069; baseline 0.003 -22"><span class='ocrx_word' id='word_1_132' title='bbox 124 1984 332 2069; x_wconf 89' lang='grc' dir='ltr'><strong><em>ἡμικυκλίου,</em></strong></span> <span class='ocrx_word' id='word_1_133' title='bbox 355 1983 400 2058; x_wconf 81' lang='grc' dir='ltr'><strong><em>ὡς</em></strong></span> <span class='ocrx_word' id='word_1_134' title='bbox 422 1983 486 2048; x_wconf 86' lang='grc' dir='ltr'><strong><em>άπὸ</em></strong></span> <span class='ocrx_word' id='word_1_135' title='bbox 509 1992 568 2047; x_wconf 87' lang='grc' dir='ltr'><strong><em>τοῦ</em></strong></span> <span class='ocrx_word' id='word_1_136' title='bbox 590 1981 644 2060; x_wconf 80' lang='grc' dir='ltr'><strong><em>λα’</em></strong></span> <span class='ocrx_word' id='word_1_137' title='bbox 663 1991 723 2047; x_wconf 85' lang='grc' dir='ltr'><strong><em>τοῦ</em></strong></span> <span class='ocrx_word' id='word_1_138' title='bbox 741 1985 855 2069; x_wconf 91' lang='grc' dir='ltr'><strong><em>τρίτου</em></strong></span> <span class='ocrx_word' id='word_1_139' title='bbox 879 1995 946 2048; x_wconf 86' lang='grc' dir='ltr'><strong><em>τῶν</em></strong></span> <span class='ocrx_word' id='word_1_140' title='bbox 964 1983 1141 2050; x_wconf 83' lang='grc' dir='ltr'><strong><em>ἐπιπέδων.</em></strong></span> 
     </span>
     <span class='ocr_line' id='line_1_18' title="bbox 124 2088 1142 2179; baseline 0.001 -24"><span class='ocrx_word' id='word_1_141' title='bbox 124 2088 179 2155; x_wconf 80' lang='grc' dir='ltr'><strong><em>καὶ</em></strong></span> <span class='ocrx_word' id='word_1_142' title='bbox 204 2090 452 2173; x_wconf 83' lang='grc' dir='ltr'><strong><em>ἐπεζεύχθωσαν</em></strong></span> <span class='ocrx_word' id='word_1_143' title='bbox 476 2091 513 2153; x_wconf 86' lang='grc' dir='ltr'><strong><em>αί</em></strong></span> <span class='ocrx_word' id='word_1_144' title='bbox 533 2094 607 2173; x_wconf 90' lang='grc' dir='ltr'><strong><em>ΒΖ,</em></strong></span> <span class='ocrx_word' id='word_1_145' title='bbox 632 2093 702 2172; x_wconf 91' lang='grc' dir='ltr'><strong><em>ΖΓ,</em></strong></span> <span class='ocrx_word' id='word_1_146' title='bbox 726 2094 794 2154; x_wconf 86' lang='grc' dir='ltr'><strong><em>ΖΛ.</em></strong></span> <span class='ocrx_word' id='word_1_147' title='bbox 842 2089 966 2155; x_wconf 84' lang='grc' dir='ltr'><strong><em>οὐκοῦν</em></strong></span> <span class='ocrx_word' id='word_1_148' title='bbox 989 2090 1009 2173; x_wconf 92' lang='grc' dir='ltr'><strong><em>ἡ</em></strong></span> <span class='ocrx_word' id='word_1_149' title='bbox 1034 2091 1070 2156; x_wconf 87' lang='grc' dir='ltr'><strong><em>ε’ν</em></strong></span> <span class='ocrx_word' id='word_1_150' title='bbox 1094 2101 1142 2179; x_wconf 75' lang='grc' dir='ltr'><strong><em>τῷ</em></strong></span> 
     </span>
     <span class='ocr_line' id='line_1_19' title="bbox 124 2193 1142 2284; baseline 0.003 -25"><span class='ocrx_word' id='word_1_151' title='bbox 124 2195 306 2283; x_wconf 79' lang='grc' dir='ltr'><strong><em>ἡμικυκλίῳ</em></strong></span> <span class='ocrx_word' id='word_1_152' title='bbox 330 2199 435 2278; x_wconf 92' lang='grc' dir='ltr'><strong><em>γωνία</em></strong></span> <span class='ocrx_word' id='word_1_153' title='bbox 457 2199 576 2280; x_wconf 85' lang='grc' dir='ltr'><strong><em>μείζων</em></strong></span> <span class='ocrx_word' id='word_1_154' title='bbox 600 2193 668 2261; x_wconf 81' lang='grc' dir='ltr'><strong><em>ἐστὶ</em></strong></span> <span class='ocrx_word' id='word_1_155' title='bbox 691 2205 749 2280; x_wconf 78' lang='grc' dir='ltr'><strong><em>τῇς</em></strong></span> <span class='ocrx_word' id='word_1_156' title='bbox 777 2195 812 2261; x_wconf 83' lang='grc' dir='ltr'><strong><em>ἐν</em></strong></span> <span class='ocrx_word' id='word_1_157' title='bbox 840 2206 885 2284; x_wconf 75' lang='grc' dir='ltr'><strong><em>τῷ</em></strong></span> <span class='ocrx_word' id='word_1_158' title='bbox 908 2200 1032 2281; x_wconf 83' lang='grc' dir='ltr'><strong><em>μείζονι</em></strong></span> <span class='ocrx_word' id='word_1_159' title='bbox 1060 2201 1142 2283; x_wconf 85' lang='grc' dir='ltr'><strong><em>τμὴ-</em></strong></span> 
     </span>
     <span class='ocr_line' id='line_1_20' title="bbox 125 2299 1142 2391; baseline 0.003 -25"><span class='ocrx_word' id='word_1_160' title='bbox 125 2325 210 2386; x_wconf 89' lang='grc' dir='ltr'><strong><em>ματι.</em></strong></span> <span class='ocrx_word' id='word_1_161' title='bbox 261 2303 301 2368; x_wconf 85' lang='grc' dir='ltr'><strong><em>τά</em></strong></span> <span class='ocrx_word' id='word_1_162' title='bbox 332 2299 369 2366; x_wconf 73' lang='grc' dir='ltr'><strong><em>δὲ</em></strong></span> <span class='ocrx_word' id='word_1_163' title='bbox 396 2302 461 2367; x_wconf 83' lang='grc' dir='ltr'><strong><em>ὑπὸ</em></strong></span> <span class='ocrx_word' id='word_1_164' title='bbox 489 2305 637 2391; x_wconf 77' lang='grc' dir='ltr'><strong><em>μείζονοςΙ</em></strong></span> <span class='ocrx_word' id='word_1_165' title='bbox 669 2305 792 2384; x_wconf 77' lang='grc' dir='ltr'><strong><em>γωνίας</em></strong></span> <span class='ocrx_word' id='word_1_166' title='bbox 824 2304 975 2390; x_wconf 84' lang='grc' dir='ltr'><strong><em>ὁρώμενα</em></strong></span> <span class='ocrx_word' id='word_1_167' title='bbox 1006 2307 1142 2388; x_wconf 85' lang='grc' dir='ltr'><strong><em>μείζονα</em></strong></span> 
     </span>
    </p>

    <p class='ocr_par' dir='ltr' id='par_1_10' title="bbox 72 2406 1143 2918">
     <span class='ocr_line' id='line_1_21' title="bbox 72 2406 1143 2494; baseline 0.009 -28"><span class='ocrx_word' id='word_1_168' title='bbox 72 2418 107 2467; x_wconf 79' lang='lat'><strong><em>20</em></strong></span> <span class='ocrx_word' id='word_1_169' title='bbox 126 2411 292 2491; x_wconf 81' lang='grc' dir='ltr'><strong><em>φαίνεται·</em></strong></span> <span class='ocrx_word' id='word_1_170' title='bbox 315 2411 433 2492; x_wconf 85' lang='grc' dir='ltr'><strong><em>μείζων</em></strong></span> <span class='ocrx_word' id='word_1_171' title='bbox 456 2411 520 2494; x_wconf 85' lang='grc' dir='ltr'><strong><em>άρα</em></strong></span> <span class='ocrx_word' id='word_1_172' title='bbox 543 2408 563 2491; x_wconf 91' lang='grc' dir='ltr'><strong><em>ἡ</em></strong></span> <span class='ocrx_word' id='word_1_173' title='bbox 588 2412 655 2473; x_wconf 90' lang='grc' dir='ltr'><strong><em>ΒΓ</em></strong></span> <span class='ocrx_word' id='word_1_174' title='bbox 673 2419 730 2494; x_wconf 83' lang='grc' dir='ltr'><strong><em>τῇς</em></strong></span> <span class='ocrx_word' id='word_1_175' title='bbox 753 2413 815 2474; x_wconf 89' lang='grc' dir='ltr'><strong><em>ΓΛ</em></strong></span> <span class='ocrx_word' id='word_1_176' title='bbox 839 2413 1001 2494; x_wconf 82' lang='grc' dir='ltr'><strong><em>φαίνεται.</em></strong></span> <span class='ocrx_word' id='word_1_177' title='bbox 1041 2406 1083 2494; x_wconf 91' lang='grc' dir='ltr'><strong><em>ἡν</em></strong></span> <span class='ocrx_word' id='word_1_178' title='bbox 1104 2409 1143 2476; x_wconf 69' lang='grc' dir='ltr'><strong><em>δὲ</em></strong></span> 
     </span>
     <span class='ocr_line' id='line_1_22' title="bbox 123 2510 1142 2605; baseline 0.005 -27"><span class='ocrx_word' id='word_1_179' title='bbox 123 2512 180 2578; x_wconf 76' lang='grc' dir='ltr'><strong><em>καὶ</em></strong></span> <span class='ocrx_word' id='word_1_180' title='bbox 204 2521 267 2596; x_wconf 78' lang='grc' dir='ltr'><strong><em>ἴση.</em></strong></span> <span class='ocrx_word' id='word_1_181' title='bbox 314 2517 404 2580; x_wconf 80' lang='grc' dir='ltr'><strong><em>ἔστιν</em></strong></span> <span class='ocrx_word' id='word_1_182' title='bbox 427 2517 491 2602; x_wconf 86' lang='grc' dir='ltr'><strong><em>άρα</em></strong></span> <span class='ocrx_word' id='word_1_183' title='bbox 515 2518 615 2593; x_wconf 77' lang='grc' dir='ltr'><strong><em>τόπος</em></strong></span> <span class='ocrx_word' id='word_1_184' title='bbox 636 2519 762 2600; x_wconf 82' lang='grc' dir='ltr'><strong><em>κοινός,</em></strong></span> <span class='ocrx_word' id='word_1_185' title='bbox 792 2510 879 2605; x_wconf 75' lang='grc' dir='ltr'><strong><em>ε’νῷ</em></strong></span> <span class='ocrx_word' id='word_1_186' title='bbox 907 2518 944 2581; x_wconf 91' lang='grc' dir='ltr'><strong><em>τὸ</em></strong></span> <span class='ocrx_word' id='word_1_187' title='bbox 968 2516 1057 2602; x_wconf 81' lang='grc' dir='ltr'><strong><em>ὄμμα</em></strong></span> <span class='ocrx_word' id='word_1_188' title='bbox 1081 2517 1142 2583; x_wconf 81' lang='grc' dir='ltr'><strong><em>ἐὰν</em></strong></span> 
     </span>
     <span class='ocr_line' id='line_1_23' title="bbox 124 2619 1142 2707; baseline 0.004 -23"><span class='ocrx_word' id='word_1_189' title='bbox 124 2626 216 2705; x_wconf 89' lang='grc' dir='ltr'><strong><em>τεθῇ,</em></strong></span> <span class='ocrx_word' id='word_1_190' title='bbox 240 2621 338 2685; x_wconf 86' lang='grc' dir='ltr'><strong><em>άνισα</em></strong></span> <span class='ocrx_word' id='word_1_191' title='bbox 361 2625 513 2705; x_wconf 87' lang='grc' dir='ltr'><strong><em>φαίνεται</em></strong></span> <span class='ocrx_word' id='word_1_192' title='bbox 537 2624 577 2687; x_wconf 85' lang='grc' dir='ltr'><strong><em>τά</em></strong></span> <span class='ocrx_word' id='word_1_193' title='bbox 601 2628 664 2687; x_wconf 89' lang='grc' dir='ltr'><strong><em>ίσα.</em></strong></span> <span class='ocrx_word' id='word_1_194' title='bbox 703 2628 757 2686; x_wconf 89' lang='grc' dir='ltr'><strong><em>ίσα</em></strong></span> <span class='ocrx_word' id='word_1_195' title='bbox 781 2619 818 2686; x_wconf 73' lang='grc' dir='ltr'><strong><em>δέ</em></strong></span> <span class='ocrx_word' id='word_1_196' title='bbox 837 2625 1029 2707; x_wconf 81' lang='grc' dir='ltr'><strong><em>φανήσεται,</em></strong></span> <span class='ocrx_word' id='word_1_197' title='bbox 1054 2623 1142 2690; x_wconf 80' lang='grc' dir='ltr'><strong><em>ἐπει-</em></strong></span> 
     </span>
     <span class='ocr_line' id='line_1_24' title="bbox 125 2723 1141 2816; baseline 0.006 -27"><span class='ocrx_word' id='word_1_198' title='bbox 125 2726 188 2790; x_wconf 87' lang='grc' dir='ltr'><strong><em>δδιν</em></strong></span> <span class='ocrx_word' id='word_1_199' title='bbox 212 2724 264 2790; x_wconf 80' lang='grc' dir='ltr'><strong><em>ἐπὶ</em></strong></span> <span class='ocrx_word' id='word_1_200' title='bbox 287 2729 393 2812; x_wconf 62' lang='grc' dir='ltr'><strong><em>τῶνὴ</em></strong></span> <span class='ocrx_word' id='word_1_201' title='bbox 417 2727 448 2806; x_wconf 83' lang='grc' dir='ltr'><strong><em>ἐξ</em></strong></span> <span class='ocrx_word' id='word_1_202' title='bbox 472 2729 574 2815; x_wconf 83' lang='grc' dir='ltr'><strong><em>άρχῇς</em></strong></span> <span class='ocrx_word' id='word_1_203' title='bbox 597 2732 741 2814; x_wconf 86' lang='grc' dir='ltr'><strong><em>σημείων</em></strong></span> <span class='ocrx_word' id='word_1_204' title='bbox 766 2723 785 2815; x_wconf 79' lang='grc' dir='ltr'><strong><em>ᾖ</em></strong></span> <span class='ocrx_word' id='word_1_205' title='bbox 808 2741 875 2794; x_wconf 87' lang='grc' dir='ltr'><strong><em>τῶν</em></strong></span> <span class='ocrx_word' id='word_1_206' title='bbox 899 2727 951 2794; x_wconf 83' lang='grc' dir='ltr'><strong><em>ἐπὶ</em></strong></span> <span class='ocrx_word' id='word_1_207' title='bbox 974 2741 1042 2794; x_wconf 83' lang='grc' dir='ltr'><strong><em>τῶν</em></strong></span> <span class='ocrx_word' id='word_1_208' title='bbox 1065 2735 1141 2816; x_wconf 88' lang='grc' dir='ltr'><strong><em>ΒΓ,</em></strong></span> 
     </span>
     <span class='ocr_line' id='line_1_25' title="bbox 125 2832 604 2918; baseline 0.01 -23"><span class='ocrx_word' id='word_1_209' title='bbox 125 2833 186 2896; x_wconf 90' lang='grc' dir='ltr'><strong><em>ΓΔ</em></strong></span> <span class='ocrx_word' id='word_1_210' title='bbox 211 2834 369 2915; x_wconf 80' lang='grc' dir='ltr'><strong><em>μειζόνων</em></strong></span> <span class='ocrx_word' id='word_1_211' title='bbox 392 2832 604 2918; x_wconf 90' lang='grc' dir='ltr'><strong><em>ἡμικυκλίων.</em></strong></span> 
     </span>
    </p>

    <p class='ocr_par' dir='ltr' id='par_1_11' title="bbox 125 2954 1145 3421">
     <span class='ocr_line' id='line_1_26' title="bbox 197 2954 1142 3063; baseline 0.007 -22"><span class='ocrx_word' id='word_1_212' title='bbox 197 2994 220 3044; x_wconf 88' lang='grc'><strong><em>3,</em></strong></span> <span class='ocrx_word' id='word_1_213' title='bbox 240 2954 375 3060; x_wconf 59' lang='grc' dir='ltr'><strong><em>χωρίς]ἡ</em></strong></span> <span class='ocrx_word' id='word_1_214' title='bbox 399 2990 472 3059; x_wconf 59' lang='lat' dir='ltr'><strong><em>Vah,</em></strong></span> <span class='ocrx_word' id='word_1_215' title='bbox 496 2989 605 3062; x_wconf 81' lang='grc' dir='ltr'><strong><em>χωρίων</em></strong></span> <span class='ocrx_word' id='word_1_216' title='bbox 623 3009 649 3046; x_wconf 76' lang='lat' dir='ltr'><strong><em>V.</em></strong></span> <span class='ocrx_word' id='word_1_217' title='bbox 741 2997 764 3046; x_wconf 89' lang='grc'><strong><em>6.</em></strong></span> <span class='ocrx_word' id='word_1_218' title='bbox 786 2991 885 3062; x_wconf 86' lang='grc' dir='ltr'><strong><em>άλλως]</em></strong></span> <span class='ocrx_word' id='word_1_219' title='bbox 904 2992 1000 3061; x_wconf 60' lang='lat' dir='ltr'><strong><em>Vm,</em></strong></span> <span class='ocrx_word' id='word_1_220' title='bbox 1027 3009 1082 3048; x_wconf 91' lang='lat' dir='ltr'><strong><em>om.</em></strong></span> <span class='ocrx_word' id='word_1_221' title='bbox 1103 3012 1142 3063; x_wconf 87' lang='lat' dir='ltr'><strong><em>m,</em></strong></span> 
     </span>
     <span class='ocr_line' id='line_1_27' title="bbox 125 3059 1143 3133; baseline 0.006 -20"><span class='ocrx_word' id='word_1_222' title='bbox 125 3060 168 3114; x_wconf 78' lang='grc' dir='ltr'><strong><em>κε’</em></strong></span> <span class='ocrx_word' id='word_1_223' title='bbox 184 3061 217 3128; x_wconf 85' lang='lat' dir='ltr'><strong><em>V,</em></strong></span> <span class='ocrx_word' id='word_1_224' title='bbox 237 3061 283 3129; x_wconf 85' lang='grc' dir='ltr'><strong><em>κγ’</em></strong></span> <span class='ocrx_word' id='word_1_225' title='bbox 298 3079 334 3114; x_wconf 91' lang='lat' dir='ltr'><strong><em>m.</em></strong></span> <span class='ocrx_word' id='word_1_226' title='bbox 355 3067 370 3113; x_wconf 75' lang='lat'><strong>2</strong></span> <span class='ocrx_word' id='word_1_227' title='bbox 389 3061 454 3116; x_wconf 76' lang='lat' dir='ltr'><strong><em>vat.</em></strong></span> <span class='ocrx_word' id='word_1_228' title='bbox 524 3068 548 3117; x_wconf 85' lang='lat'><strong><em>8.</em></strong></span> <span class='ocrx_word' id='word_1_229' title='bbox 567 3059 731 3132; x_wconf 88' lang='grc' dir='ltr'><strong><em>ἡμικυκλίου</em></strong></span> <span class='ocrx_word' id='word_1_230' title='bbox 750 3080 775 3118; x_wconf 81' lang='lat' dir='ltr'><strong><em>v.</em></strong></span> <span class='ocrx_word' id='word_1_231' title='bbox 840 3062 903 3133; x_wconf 84' lang='grc' dir='ltr'><strong><em>τήν]</em></strong></span> <span class='ocrx_word' id='word_1_232' title='bbox 922 3071 971 3132; x_wconf 82' lang='grc' dir='ltr'><strong><em>τῆς</em></strong></span> <span class='ocrx_word' id='word_1_233' title='bbox 989 3080 1014 3117; x_wconf 79' lang='lat' dir='ltr'><strong><em>v,</em></strong></span> <span class='ocrx_word' id='word_1_234' title='bbox 1081 3063 1143 3133; x_wconf 88' lang='grc' dir='ltr'><strong><em>μεί-</em></strong></span> 
     </span>
     <span class='ocr_line' id='line_1_28' title="bbox 125 3131 1144 3206; baseline 0.006 -22"><span class='ocrx_word' id='word_1_235' title='bbox 125 3133 178 3196; x_wconf 78' lang='grc' dir='ltr'><strong><em>ζων</em></strong></span> <span class='ocrx_word' id='word_1_236' title='bbox 197 3149 222 3186; x_wconf 86' lang='lat' dir='ltr'><strong><em>v.</em></strong></span> <span class='ocrx_word' id='word_1_237' title='bbox 287 3137 311 3187; x_wconf 86' lang='lat'><strong><em>9.</em></strong></span> <span class='ocrx_word' id='word_1_238' title='bbox 331 3133 418 3203; x_wconf 87' lang='grc' dir='ltr'><strong><em>τεμεῖ]</em></strong></span> <span class='ocrx_word' id='word_1_239' title='bbox 438 3151 468 3186; x_wconf 89' lang='grc' dir='ltr'><strong><em>τε</em></strong></span> <span class='ocrx_word' id='word_1_240' title='bbox 487 3136 580 3202; x_wconf 82' lang='grc' dir='ltr'><strong><em>μεῖζον</em></strong></span> <span class='ocrx_word' id='word_1_241' title='bbox 598 3152 634 3189; x_wconf 90' lang='lat' dir='ltr'><strong><em>m.</em></strong></span> <span class='ocrx_word' id='word_1_242' title='bbox 701 3139 741 3189; x_wconf 83' lang='lat'><strong><em>10.</em></strong></span> <span class='ocrx_word' id='word_1_243' title='bbox 762 3131 805 3206; x_wconf 84' lang='grc' dir='ltr'><strong><em>δέ]</em></strong></span> <span class='ocrx_word' id='word_1_244' title='bbox 824 3153 853 3189; x_wconf 88' lang='grc' dir='ltr'><strong><em>τε</em></strong></span> <span class='ocrx_word' id='word_1_245' title='bbox 872 3153 908 3188; x_wconf 90' lang='lat' dir='ltr'><strong><em>m.</em></strong></span> <span class='ocrx_word' id='word_1_246' title='bbox 976 3135 1036 3206; x_wconf 78' lang='grc' dir='ltr'><strong><em>τῆς]</em></strong></span> <span class='ocrx_word' id='word_1_247' title='bbox 1056 3145 1109 3190; x_wconf 78' lang='grc' dir='ltr'><strong><em>τοῦ</em></strong></span> <span class='ocrx_word' id='word_1_248' title='bbox 1124 3154 1144 3189; x_wconf 84' lang='lat' dir='ltr'>v</span> 
     </span>
     <span class='ocr_line' id='line_1_29' title="bbox 125 3204 1142 3294; baseline 0.007 -39"><span class='ocrx_word' id='word_1_249' title='bbox 125 3205 261 3292; x_wconf 70' lang='grc' dir='ltr'><strong><em>ολμοιυρ.</em></strong></span> <span class='ocrx_word' id='word_1_250' title='bbox 282 3220 435 3272; x_wconf 81' lang='lat' dir='ltr'><strong>suprascr.</strong></span> <span class='ocrx_word' id='word_1_251' title='bbox 455 3204 520 3285; x_wconf 51' lang='grc' dir='ltr'><strong><em>δεῖ.</em></strong></span> <span class='ocrx_word' id='word_1_252' title='bbox 582 3206 643 3277; x_wconf 83' lang='grc' dir='ltr'><strong><em>ΓΛ]</em></strong></span> <span class='ocrx_word' id='word_1_253' title='bbox 663 3222 730 3259; x_wconf 81' lang='lat' dir='ltr'>corr.</span> <span class='ocrx_word' id='word_1_254' title='bbox 751 3221 785 3259; x_wconf 84' lang='lat' dir='ltr'><strong><em>ex</em></strong></span> <span class='ocrx_word' id='word_1_255' title='bbox 803 3212 828 3260; x_wconf 87' lang='grc' dir='ltr'><em>Δ</em></span> <span class='ocrx_word' id='word_1_256' title='bbox 836 3210 862 3260; x_wconf 89' lang='grc' dir='ltr'><strong><em>Γ</em></strong></span> <span class='ocrx_word' id='word_1_257' title='bbox 877 3223 912 3258; x_wconf 91' lang='lat' dir='ltr'><strong><em>m.</em></strong></span> <span class='ocrx_word' id='word_1_258' title='bbox 934 3209 948 3258; x_wconf 93' lang='lat'>1</span> <span class='ocrx_word' id='word_1_259' title='bbox 968 3205 1033 3294; x_wconf 50' lang='lat' dir='ltr'><strong><em>Vgt.</em></strong></span> <span class='ocrx_word' id='word_1_260' title='bbox 1098 3212 1142 3262; x_wconf 84' lang='lat'><strong><em>11.</em></strong></span> 
     </span>
     <span class='ocr_line' id='line_1_30' title="bbox 125 3275 1145 3421; baseline 0.005 -23"><span class='ocrx_word' id='word_1_261' title='bbox 125 3285 286 3417; x_wconf 52' lang='lat' dir='ltr'><strong><em>mv]</em></strong></span> <span class='ocrx_word' id='word_1_262' title='bbox 301 3275 756 3402; x_wconf 52' lang='grc' dir='ltr'><strong><em>λλιεΓίέίῙίιὲἐιλοιῗπἪ</em></strong></span> <span class='ocrx_word' id='word_1_263' title='bbox 779 3366 806 3417; x_wconf 76' lang='lat' dir='ltr'><strong><em>p.</em></strong></span> <span class='ocrx_word' id='word_1_264' title='bbox 827 3283 873 3402; x_wconf 58' lang='lat'><strong>5¹82]</strong></span> <span class='ocrx_word' id='word_1_265' title='bbox 898 3278 1086 3421; x_wconf 53' lang='grc' dir='ltr'><strong><em>ὃυνῖλῗνιῗ]</em></strong></span> <span class='ocrx_word' id='word_1_266' title='bbox 1099 3285 1145 3403; x_wconf 57' lang='grc' dir='ltr'><strong><em>Ῑιῗί</em></strong></span> 
     </span>
    </p>
   </div>
   <div class='ocr_carea' id='block_1_4' title="bbox 125 3416 1143 3560">
    <p class='ocr_par' dir='ltr' id='par_1_12' title="bbox 125 3416 1143 3560">
     <span class='ocr_line' id='line_1_31' title="bbox 125 3416 1142 3493; baseline 0.005 -24"><span class='ocrx_word' id='word_1_267' title='bbox 125 3433 178 3471; x_wconf 79' lang='lat' dir='ltr'>ras.</span> <span class='ocrx_word' id='word_1_268' title='bbox 198 3417 231 3484; x_wconf 90' lang='lat' dir='ltr'><strong><em>V,</em></strong></span> <span class='ocrx_word' id='word_1_269' title='bbox 251 3420 265 3469; x_wconf 92' lang='grc' dir='ltr'><strong><em>λ</em></strong></span> <span class='ocrx_word' id='word_1_270' title='bbox 283 3416 314 3469; x_wconf 86' lang='lat' dir='ltr'><strong><em>in</em></strong></span> <span class='ocrx_word' id='word_1_271' title='bbox 331 3435 386 3472; x_wconf 76' lang='lat' dir='ltr'><strong><em>ras,</em></strong></span> <span class='ocrx_word' id='word_1_272' title='bbox 406 3437 446 3486; x_wconf 76' lang='lat' dir='ltr'><strong><em>m3</em></strong></span> <span class='ocrx_word' id='word_1_273' title='bbox 466 3423 525 3473; x_wconf 87' lang='grc' dir='ltr'><strong><em>ΔΓ</em></strong></span> <span class='ocrx_word' id='word_1_274' title='bbox 538 3437 564 3488; x_wconf 83' lang='lat' dir='ltr'><strong><em>v,</em></strong></span> <span class='ocrx_word' id='word_1_275' title='bbox 584 3421 614 3472; x_wconf 81' lang='lat' dir='ltr'><strong><em>et</em></strong></span> <span class='ocrx_word' id='word_1_276' title='bbox 631 3419 705 3488; x_wconf 57' lang='grc' dir='ltr'><strong><em>λεδ,</em></strong></span> <span class='ocrx_word' id='word_1_277' title='bbox 726 3435 793 3474; x_wconf 84' lang='lat' dir='ltr'>corr.</span> <span class='ocrx_word' id='word_1_278' title='bbox 813 3438 849 3475; x_wconf 88' lang='lat' dir='ltr'><strong><em>m.</em></strong></span> <span class='ocrx_word' id='word_1_279' title='bbox 870 3425 893 3473; x_wconf 73' lang='lat'><strong><em>2.</em></strong></span> <span class='ocrx_word' id='word_1_280' title='bbox 952 3425 992 3473; x_wconf 88' lang='lat'><strong><em>16.</em></strong></span> <span class='ocrx_word' id='word_1_281' title='bbox 1012 3419 1074 3492; x_wconf 76' lang='grc' dir='ltr'><strong><em>λα’]</em></strong></span> <span class='ocrx_word' id='word_1_282' title='bbox 1095 3421 1142 3493; x_wconf 85' lang='grc' dir='ltr'><strong><em>λγ’</em></strong></span> 
     </span>
     <span class='ocr_line' id='line_1_32' title="bbox 125 3486 1143 3560; baseline 0.007 -20"><span class='ocrx_word' id='word_1_283' title='bbox 125 3486 155 3539; x_wconf 88' lang='lat' dir='ltr'><strong><em>in</em></strong></span> <span class='ocrx_word' id='word_1_284' title='bbox 173 3504 227 3542; x_wconf 77' lang='lat' dir='ltr'><strong>ras.</strong></span> <span class='ocrx_word' id='word_1_285' title='bbox 246 3489 283 3556; x_wconf 87' lang='lat' dir='ltr'><strong><em>V;</em></strong></span> <span class='ocrx_word' id='word_1_286' title='bbox 309 3490 361 3558; x_wconf 86' lang='grc' dir='ltr'><strong><em>λγ’,</em></strong></span> <span class='ocrx_word' id='word_1_287' title='bbox 381 3493 396 3542; x_wconf 90' lang='grc' dir='ltr'><strong><em>λ</em></strong></span> <span class='ocrx_word' id='word_1_288' title='bbox 414 3489 444 3542; x_wconf 90' lang='lat' dir='ltr'><strong><em>in</em></strong></span> <span class='ocrx_word' id='word_1_289' title='bbox 462 3508 525 3560; x_wconf 60' lang='lat' dir='ltr'><strong><em>ras„</em></strong></span> <span class='ocrx_word' id='word_1_290' title='bbox 544 3509 585 3558; x_wconf 88' lang='lat' dir='ltr'><strong><em>m;</em></strong></span> <span class='ocrx_word' id='word_1_291' title='bbox 610 3495 668 3544; x_wconf 87' lang='grc' dir='ltr'><strong><em>ΔΓ</em></strong></span> <span class='ocrx_word' id='word_1_292' title='bbox 682 3508 712 3559; x_wconf 76' lang='lat' dir='ltr'><strong><em>V,</em></strong></span> <span class='ocrx_word' id='word_1_293' title='bbox 731 3491 796 3546; x_wconf 76' lang='lat' dir='ltr'>vat.</span> <span class='ocrx_word' id='word_1_294' title='bbox 815 3509 851 3545; x_wconf 92' lang='lat' dir='ltr'><strong><em>m.</em></strong></span> <span class='ocrx_word' id='word_1_295' title='bbox 873 3496 900 3560; x_wconf 87' lang='lat'><strong><em>1,</em></strong></span> <span class='ocrx_word' id='word_1_296' title='bbox 920 3493 951 3560; x_wconf 93' lang='grc' dir='ltr'><strong><em>λγ</em></strong></span> <span class='ocrx_word' id='word_1_297' title='bbox 970 3490 1036 3546; x_wconf 75' lang='lat' dir='ltr'><strong>vat.</strong></span> <span class='ocrx_word' id='word_1_298' title='bbox 1056 3509 1095 3547; x_wconf 89' lang='lat' dir='ltr'><strong><em>m.</em></strong></span> <span class='ocrx_word' id='word_1_299' title='bbox 1118 3499 1143 3548; x_wconf 81' lang='lat'><strong><em>2.</em></strong></span> 
     </span>
    </p>
   </div>
   <div class='ocr_carea' id='block_1_5' title="bbox 0 0 1219 3944">
    <p class='ocr_par' dir='ltr' id='par_1_13' title="bbox 0 0 1219 3944">
     <span class='ocr_line' id='line_1_33' title="bbox 0 0 1219 3944; baseline 0 0"><span class='ocrx_word' id='word_1_300' title='bbox 0 0 1219 3944; x_wconf 95' lang='lat' dir='ltr'><strong><em> </em></strong></span> 
     </span>
    </p>
   </div>
  </div>
 </body>
</html>
