2424 3944
125 155 187 221 192
330 157 540 211 οετιοοιιου
558 156 735 209 κνοτωειο
754 154 923 208 mom.
1029 195 1033 203 .

606 333 648 400 λ’.

188 464 311 527 Κώνου
341 462 465 525 κύκλον
494 462 626 542 ἐχοντος
657 460 718 542 τὴν
744 456 845 541 βάσιν
875 457 941 522 ὑπὸ
971 466 1033 522 τοῦ
1063 455 1138 536 ἑνὸς

123 569 266 652 ὄμματος
288 564 458 653 ὁρωμένου
482 569 621 630 ἔλασσον
643 564 825 649 ἡμικωνίου
849 563 1046 648 ὀφθήσεται.

189 677 271 738 ἔστω
300 674 362 758 γὰρ
390 673 501 737 κώνου
524 672 620 755 βάσις
642 672 776 755 κύκλος,
804 665 846 735 οὗ
868 667 1008 756 κέντρον
1030 673 1071 737 τὸ
1094 675 1137 756 Κ,

89 778 178 844 ὁκαὶ
202 780 347 844 ἀπὸτοῦ
371 783 399 843 Β
427 781 570 863 ὄμματος
592 779 686 861 ἤχθω
715 775 769 842 ἐπὶ
791 777 828 842 τὸ
851 775 991 862 κέντρον
1013 777 1033 860 ἡ
1058 782 1137 863 ΒΚ,

122 884 178 950 καὶ
205 886 261 949 διὰ
289 895 347 949 τοῦ
373 888 407 948 Κ
435 886 518 970 πρὸς
545 885 652 969 ὀρθὰς
678 893 717 968 τῇ
743 886 809 947 ΚΒ
836 882 857 967 ἡ
880 888 961 967 NA,
993 882 1072 969 περὶ
1100 880 1137 948 δὲ

122 994 183 1076 τὴν
206 995 272 1056 ΚΒ
296 993 416 1068 κύκλος
437 991 629 1077 γεγράφθω,
652 988 707 1055 καὶ
731 990 979 1074 ἐπεζεύχθωσαν
1002 992 1040 1055 αἱ
1061 995 1135 1074 ΒΖ,

124 1100 198 1180 ΖΚ,
218 1101 289 1181 BA,
307 1100 386 1161 ΛΚ.
423 1096 548 1161 ούκοῦν
570 1096 675 1183 ὀρθαί
695 1098 780 1161 εἰσιν
803 1098 841 1162 αἱ
858 1098 941 1182 πρὸς
958 1108 1028 1174 τοῖς
1050 1102 1089 1180 Ζ,
1104 1102 1136 1163 A

123 1206 255 1286 γωνίαι·
286 1201 365 1268 καθ’
390 1204 427 1268 ἓν
455 1204 519 1289 ὄρα
542 1202 743 1287 ἐφάπτονται
766 1203 804 1268 αλ
823 1207 896 1287 BA,
915 1207 993 1287 ΒΖ,
1020 1202 1079 1268 καὶ
1102 1203 1139 1268 αἳ

72 1326 106 1374 10
124 1333 160 1392 γε
183 1310 247 1375 ἀπὸ
270 1318 330 1374 τοῦ
354 1313 497 1395 ὄμματος
525 1310 653 1386 ἀκτῖνες
679 1313 944 1395 προσπίπτουσαι
971 1310 1055 1374 κατὰ
1079 1310 1136 1387 τὰς

123 1421 200 1499 BA,
224 1421 287 1481 ΒΖ
319 1426 508 1482 πεσοῦνται.
568 1420 659 1481 ἐσται
692 1417 733 1500 δὴ
766 1414 935 1503 ὁρώμενον
966 1418 1004 1481 τὸ
1039 1422 1137 1481 ZPA

124 1526 263 1588 ἔλασσον
281 1523 321 1588 ὄν
339 1533 399 1589 τοῦ
413 1529 451 1589 Ν
453 1528 519 1588 PA.
552 1522 635 1588 ἀλλὰ
653 1525 690 1587 τὸ
704 1527 743 1588 Ν
744 1527 803 1587 PA
820 1523 1016 1608 ἡμικύκλιύν
1030 1523 1134 1588 ἐστιν·

122 1632 159 1694 τὸ
184 1632 248 1715 ἄρα
271 1635 368 1694 ZPA
390 1633 530 1696 ἔλασσόν
553 1629 643 1695 ἐστιν
665 1629 871 1714 ἡμικυκλίου.
913 1630 997 1694 ὥστε
1018 1628 1077 1694 καὶ
1098 1631 1134 1694 τὸ

124 1736 293 1822 ὁρώμενον
315 1746 375 1801 τοῦ
394 1739 504 1802 κώνου
528 1739 668 1802 ἔλασσόν
686 1735 776 1802 ἐστιν
794 1735 991 1820 ἡμικωνίου·
1015 1737 1135 1820 ὁμοίως

72 1860 104 1908 15
123 1844 186 1928 γὰρ
208 1841 264 1908 καὶ
288 1841 341 1908 ἐπὶ
363 1854 430 1908 τῶν
448 1848 574 1908 λοιπῶν
591 1844 722 1908 κύκλων
745 1854 813 1908 τῶν
832 1843 868 1908 ἐν
886 1852 926 1928 τῇ
944 1850 1005 1906 τοῦ
1024 1843 1133 1907 κώνου

124 1948 298 2036 ἐπιφανείᾳ
321 1948 478 2033 δείξομεν.

596 2106 660 2173 λα’.

195 2235 261 2296 Τοῦ
288 2228 325 2296 δέ
349 2234 492 2317 ὄμματος
519 2235 631 2316 ἐγγιον
653 2231 888 2317 μετατεθέντος
915 2232 952 2298 ἐν
975 2242 1021 2321 τῷ
1046 2234 1131 2320 αὐτῷ

124 2336 264 2425 ἐπιπέδῳ
293 2341 433 2404 ἔλασσον
459 2336 520 2424 μὲν
547 2343 638 2405 ἐσται
665 2341 703 2404 τὸ
727 2339 793 2404 ὑπὸ
816 2351 884 2404 τῶν
906 2342 1018 2416 ὄψεων
1045 2362 1132 2426 περι-

72 2459 106 2511 20
124 2447 374 2530 λαμβανόμενον
396 2445 504 2533 μέρος,
528 2445 614 2524 δόξει
638 2443 675 2510 δὲ
698 2449 808 2531 μεῖζον
831 2447 986 2531 ὁρᾶσθαι.

189 2555 271 2617 ἐστω
300 2555 362 2639 γὰρ
390 2555 501 2619 κώνου
528 2554 625 2637 βύσις
650 2555 785 2638 κύκλος,
817 2549 858 2619 οὗ
885 2551 1025 2639 κέντρον
1053 2556 1131 2619 ἔστω

122 2660 160 2722 τὸ
183 2662 229 2742 Κ,
253 2657 341 2744 ὄμμα
363 2658 400 2724 δὲ
423 2663 504 2725 ἔστω
528 2662 564 2725 τὸ
588 2666 634 2744 Α,
661 2658 717 2724 καὶ
740 2660 804 2725 ἀπὸ
827 2668 887 2724 τοῦ
910 2665 943 2724 A
965 2657 1020 2725 ἐπὶ
1042 2661 1081 2725 τὸ
1104 2661 1135 2724 Κ

123 2764 306 2849 ἐπεζεύχθω
325 2766 345 2850 ἡ
359 2772 392 2831 A
397 2770 438 2851 K,
456 2765 512 2832 καὶ
525 2769 608 2853 πρὸς
622 2767 728 2853 ὀρθὰς
746 2767 830 2852 αὐτῇ
848 2767 942 2849 ἤχθω
957 2767 1016 2831 διὰ
1028 2775 1091 2831 τοῦ
1104 2767 1136 2830 Κ

123 2870 143 2953 ἡ
169 2875 276 2956 ΓΚΒ,
299 2873 480 2959 γεγράφθω
504 2870 541 2938 δὲ
563 2871 638 2959 περὶ
660 2875 722 2957 τὴν
744 2876 818 2937 ΛΚ
837 2873 966 2957 κύκλος,
990 2870 1047 2938 καὶ
1066 2873 1133 2938 ἐπε-

71 2992 104 3042 25
125 2980 315 3062 ζεύχθωσαν
348 2981 385 3043 αἱ
409 2984 490 3062 ΑΖ,
515 2983 594 3064 ΖΚ,
617 2986 701 3064 AA,
725 2983 803 3044 ΛΚ.
854 2982 1061 3064 μετακείσθω
1094 2981 1133 3064 δὴ

194 3160 219 3209 8.
264 3156 320 3226 ]A
339 3155 376 3216 ὡς
393 3154 547 3224 ἡμικύκλου
566 3173 591 3209 v.
666 3160 690 3210 9.
711 3155 773 3227 ΒΖ]
794 3170 862 3209 corr.
883 3170 917 3208 ex
935 3158 1046 3210 AZm
1068 3162 1083 3210 1
1102 3154 1133 3208 V.

160 3230 200 3279 10.
220 3226 288 3280 Post
305 3234 355 3280 τοῦ
374 3224 426 3280 ins.
447 3231 468 3279 Β
489 3241 526 3280 m.
546 3243 600 3280 rec.
619 3226 653 3282 V.
740 3232 781 3281 11.
804 3227 899 3298 ZPA]
920 3229 972 3280 ΖΔ
991 3244 1018 3282 ν.
1093 3230 1133 3280 12.

125 3300 157 3350 N
161 3300 209 3350 ΡΛ
225 3296 307 3369 (alt.)]
328 3299 361 3350 N
375 3299 475 3365 postea
493 3296 544 3353 ine.
564 3298 598 3352 V.
680 3295 736 3351 ἐστι
754 3297 811 3366 Vp.
894 3301 937 3350 13.
955 3294 1133 3368 ἡμικυκλίου]

123 3386 163 3436 pr.
183 3388 200 3422 κ
219 3367 248 3420 in
266 3385 319 3423 τοι.
340 3368 372 3423 V.
446 3373 487 3423 15.
508 3368 539 3425 ἐν
557 3370 603 3441 τῇ]
621 3367 652 3421 in
670 3385 724 3423 ras.
744 3387 780 3423 m.
802 3373 816 3422 1
835 3368 868 3423 V.
948 3372 991 3424 18.
1012 3366 1061 3442 δέ]
1081 3368 1132 3424 del,

123 3457 159 3492 m.
178 3455 232 3493 rec.
251 3439 285 3495 V.
358 3439 465 3564 ἐγχειον
484 3440 517 3508 V,
542 3441 592 3495 sed
611 3457 679 3495 corr.
698 3459 734 3495 m.
754 3456 808 3494 rec.
886 3444 928 3493 22.
949 3437 1012 3512 ἐπί]
1032 3440 1064 3493 in
1081 3457 1132 3496 ras.

124 3527 159 3562 m.
180 3515 194 3562 1
214 3510 246 3563 V.
320 3515 362 3565 23.
397 3512 537 3582 πιζεύχθω
556 3512 589 3581 Κ,
609 3512 659 3565 sed
678 3527 745 3566 corr.
820 3515 862 3565 24.
884 3511 978 3582 ΓΚΒ]
999 3515 1084 3567 ΚΓΒ
1102 3511 1133 3568 Κ,
