2424 3944
400 125 570 177 nucuuns
590 126 728 178 onnon.
1006 122 1071 187 109

52 269 338 354 aequedistantem
361 269 466 333 dietae
485 272 603 353 rectae,
626 269 712 352 quod
734 266 892 332 remotius
916 268 956 331 ab
977 267 1071 331 oculo

52 377 90 442 id
116 377 202 460 quod
224 374 359 461 propius
381 375 571 459 praecedere
597 374 740 459 uidetur,
766 374 969 438 mutantibus
992 396 1071 438 uero

53 483 253 569 praecedens
272 482 402 566 quidem
421 481 585 566 subsequi,
608 481 694 565 quod
712 502 790 544 uero
810 481 965 564 sequitur,
982 503 1072 565 prae-

55 591 178 656 cedere.

126 696 274 762 ferantur
297 696 383 760 enim
407 694 534 778 aequali
558 693 722 759 eeleritate
748 693 802 776 by,
825 695 880 778 du,
903 694 949 757 ku
977 715 1073 779 super
1102 707 1125 784 ,ο

53 827 158 869 unam
182 804 222 868 ad
245 807 351 868 rectos
370 801 450 887 ipsis
470 802 662 865 existentem
680 804 804 864 rectam
822 821 870 883 yu
890 799 926 864 in
944 801 1073 865 eusdem

54 915 169 997 partes
197 911 278 976 fines
300 909 490 974 habentium
515 930 548 994 y,
571 929 601 993 π,
625 930 659 993 α,
691 911 724 970 et
752 907 792 970 ab
821 907 915 972 oculo
944 906 1073 991 quidem

771 1013 944 1098 parallelos
963 1013 1073 1077 traha-

771 1124 825 1183 tur
851 1120 900 1184 ml
930 1120 959 1184 ei
993 1142 1073 1205 quae

534 1246 581 1304 Π
672 1249 711 1302 Ρ
772 1231 822 1290 est
846 1247 907 1311 yn,
938 1231 971 1290 et
997 1243 1126 1292 eon-10

772 1333 950 1418 iungantur
999 1353 1073 1415 my,

537 1439 574 1495 Σ
682 1439 715 1496 Τ
771 1459 838 1524 νιν,
860 1460 926 1503 ma.
971 1439 1073 1524 igitur

747 1541 755 1563 ⁸
772 1546 966 1629 praecedens
983 1546 1073 1610 uide-

772 1658 828 1717 tur
864 1653 920 1736 by,
962 1653 1073 1716 subse-

774 1780 874 1844 quens
912 1781 990 1824 uero
1026 1759 1074 1822 Ῑνο
1094 1775 1126 1824 15

774 1872 908 1952 propter
953 1870 985 1930 et
1032 1866 1073 1929 ab

58 1973 158 2040 oculo
176 1972 389 2038 incidentium
408 1973 572 2038 radiorum
590 1995 646 2057 my
665 1997 793 2060 supery
812 1975 956 2039 dirimari
970 1973 1074 2039 uideri

56 2080 169 2166 magis
202 2079 275 2144 aliis
307 2079 414 2144 radiis,
474 2080 584 2165 itaque
612 2081 653 2165 by
689 2083 878 2166 praecedere
910 2082 1074 2147 uidebitur

58 2187 302 2269 accedentibuS,
331 2186 415 2252 sieut
443 2187 566 2252 dietum
593 2192 652 2252 est.
697 2189 900 2253 mutantibus
923 2211 1001 2254 uero
1024 2190 1074 2274 by,

57 2297 118 2380 dy,
141 2294 186 2375 du
214 2296 246 2358 et
269 2293 353 2359 sieut
375 2315 436 2377 νον,
453 2317 514 2380 pr,
537 2300 571 2359 st
598 2296 694 2360 factis
723 2295 870 2362 accidant
897 2295 980 2360 radii
1006 2317 1074 2379 mu,
1093 2310 1127 2359 νο

57 2423 129 2486 nep,
151 2421 210 2466 ννε.
257 2421 334 2486 ergo
357 2421 406 2465 νον
434 2401 546 2466 deduci
569 2401 698 2466 uidetur
722 2425 817 2486 super
840 2424 862 2466 n
884 2406 1018 2487 propter
1041 2405 1074 2466 et

57 2529 123 2574 mn
140 2506 266 2572 radium
286 2507 398 2572 deduci
417 2531 513 2593 super
526 2529 549 2572 n
567 2509 671 2595 magis
691 2508 763 2573 aliis
782 2509 890 2573 radiis.
922 2509 1025 2594 igitur
1042 2514 1077 2573 st

57 2637 161 2701 super
189 2620 202 2679 t
231 2613 399 2679 deducitur
425 2619 557 2699 propter
585 2619 694 2679 etms
722 2615 861 2680 deriuari
883 2620 921 2680 ut
945 2638 1040 2701 super
1064 2621 1077 2680 t

58 2721 169 2806 magis
192 2720 264 2785 aliis
288 2721 395 2785 radiis.
431 2720 534 2807 igitur
552 2721 594 2805 dy
617 2722 746 2806 quidem
764 2723 958 2808 praecedens
978 2744 1075 2806 super

369 1824 422 1885 M

137 2919 161 2968 6.
181 2912 332 2968 existentes
352 2914 389 2967 D.
473 2918 496 2968 7.
515 2914 541 2985 ν]
562 2929 576 2980 π
595 2915 633 2968 D.
716 2921 757 2970 17.
781 2914 934 2986 radiorum]
954 2932 1022 2971 corr.
1042 2932 1075 2970 ex

58 2983 221 3041 mediorum
243 2985 281 3038 D.
372 2983 510 3057 dirimeri]
533 3003 582 3040 εον.
604 2985 738 3055 deriuari3
767 2988 817 3054 cfr.
837 2988 884 3041 ltu.
904 2990 949 3041 23.
1031 2993 1073 3041 20.

57 3058 127 3129 νην]
148 3059 253 3112 iuras.
272 3073 306 3109 m.
326 3060 342 3108 1
361 3056 398 3110 D.
472 3062 513 3111 22.
533 3058 564 3128 ν]
585 3075 620 3110 ·n·
638 3059 676 3112 D.
750 3063 792 3111 24.
811 3057 859 3129 by]
878 3076 896 3128 y
918 3075 1016 3114 νοονν.
1035 3059 1073 3112 D.

59 3288 98 3326 ex
116 3268 167 3324 τόν
185 3268 219 3323 V.
291 3274 334 3338 15.
355 3271 428 3342 ΣΤ]
448 3274 477 3324 Σ
490 3281 546 3326 τῶν
564 3272 660 3326 Vatv.
718 3269 873 3340 γινομένων
892 3289 917 3340 v,
938 3273 987 3325 sed
1006 3289 1073 3327 eorr.

57 3340 173 3398 Deinde
193 3339 257 3394 add.
277 3339 483 3397 ἐπακολουθεῖν
502 3343 623 3397 Vat.¹m.
713 3339 905 3410 προσπιπτέτω
924 3361 949 3397 v.
1032 3350 1073 3398 16.

57 3412 226 3484 παρῆχθαι]
240 3410 368 3480 παρηλλοί
385 3416 484 3467 duum.
544 3421 585 3468 17.
602 3417 634 3468 Ν
641 3415 821 3486 (utrumque)]
837 3413 1075 3474 &Weissenborn

56 3505 89 3558 p.
105 3489 149 3538 60.
224 3489 265 3537 19.
284 3483 315 3537 τὸ
334 3434 398 3555 uod]
417 3493 467 3539 τοῦ
486 3502 511 3540 v.
585 3487 665 3557 ΜΣ]
685 3502 753 3542 corr.
773 3503 808 3540 ex
826 3489 863 3540 M
875 3486 940 3542 Vae.
