2416 3952
443 153 613 205 EUOLIDIS
632 152 770 206 ernon.
1049 150 1112 213 119
1151 159 1153 163 ’

168 295 341 361 uideantur
360 296 446 361 enim
462 296 533 378 ped
551 294 643 360 oculo
663 296 698 363 in
715 295 735 359 t
756 295 891 380 iacente,
914 299 946 360 et
965 295 1111 360 accidant

100 403 184 467 radii
202 403 255 488 kp,
272 404 323 488 ab,
342 403 394 467 td.
430 403 534 488 igitur
556 406 627 467 tota
649 402 755 488 figura
778 424 919 468 concaua
937 425 1006 467 esse
1025 402 1112 467 uide-

96 1309 198 1373 bitur.
250 1269 512 1371 transriroueatur
538 1328 616 1371 uero
651 1330 779 1373 sursum
806 1309 842 1372 in
868 1309 973 1373 medio
1003 1309 1110 1373 uisum

98 1420 133 1479 et
157 1413 201 1478 sit
224 1413 437 1498 propinquius
462 1413 565 1478 ocula
605 1414 708 1500 igitur
728 1415 799 1498 ped
817 1408 1000 1480 'connexum
1023 1416 1110 1481 uide-

97 1521 191 1585 bitur
214 1541 292 1584 esse.
1147 1530 1163 1578 5

167 1696 202 1762 Si
229 1698 393 1784 tetragoni
423 1721 442 1762 a
470 1700 622 1763 contactu
645 1699 876 1763 diametrorum
899 1700 946 1762 ad
968 1699 1108 1764 directos

96 1806 248 1871 trahatur
279 1809 381 1890 reeta,
412 1805 447 1869 in
473 1805 546 1888 ipsa
572 1827 650 1870 uero
680 1806 791 1897 paulus
818 1810 973 1892 ponatur,
1004 1805 1108 1872 latera

96 1911 263 1996 tetragoni
300 1911 445 1994 aequalia
486 1917 656 1997 apparent,
697 1917 730 1977 et
771 1912 920 1978 diametri
957 1914 1106 1997 aequales

97 2017 309 2102 apparebunt.

166 2128 235 2188 esto
260 2124 450 2208 tetragonus
474 2124 579 2210 abed,
607 2129 640 2190 et
661 2127 895 2210 protrahantur
916 2127 952 2191 in
976 2149 1013 2192 eo
1042 2127 1159 2191 dia-10

95 2231 176 2317 goni
198 2230 249 2313 db,
269 2250 330 2315 pa,
355 2234 388 2294 et
410 2231 621 2314 protrahatur
642 2233 915 2318 perpendicularis
939 2234 978 2298 ab
1003 2255 1018 2298 e
1041 2233 1106 2298 ebi-

94 2337 180 2423 pedo
205 2337 330 2401 eleuata
352 2341 443 2401 reeta
466 2359 517 2424 ea,
538 2338 573 2402 in
597 2361 661 2422 qua
685 2339 797 2404 oculus
819 2361 837 2405 a
859 2341 976 2425 iaceat,
1000 2345 1032 2405 et
1056 2363 1106 2406 ae-

94 2443 206 2510 eidant
234 2442 316 2506 radii
342 2464 398 2526 aa,
416 2445 470 2529 ab,
496 2447 552 2530 ad,
573 2466 622 2528 ap.
674 2446 827 2530 quoniam
856 2468 932 2532 ergo
962 2446 1104 2530 aequalis

93 2553 146 2615 est
169 2551 210 2614 de
233 2547 263 2613 ei
292 2571 372 2633 quae
401 2555 450 2614 est
473 2572 525 2633 ep,
552 2552 732 2616 eommunis
760 2573 837 2616 uero
861 2573 910 2636 ea,
938 2557 971 2617 et
994 2552 1105 2638 anguli

91 2655 188 2735 recti,
217 2654 304 2720 basis
327 2675 369 2738 ap
391 2656 463 2720 basi
486 2660 528 2723 da
556 2663 604 2722 est
627 2658 785 2744 aequalia,
812 2662 845 2723 et
869 2658 924 2742 qui
947 2659 986 2722 ad
1009 2659 1103 2723 bases
1124 2664 1157 2713 15

92 2762 289 2849 angulorum
315 2761 365 2825 illi
394 2767 469 2827 sunt
493 2764 655 2850 aequatae,
684 2765 800 2849 quibus
828 2765 975 2850 aequalia
1002 2765 1104 2830 latera

92 2868 341 2935 subtenduntur.
379 2869 521 2953 aequalis
546 2892 623 2956 ergo
648 2872 786 2957 angulus
809 2893 870 2954 erp
893 2871 1012 2958 angulo
1032 2873 1103 2937 ead.

90 2975 237 3060 aequalis
262 2995 339 3059 ergo
363 2976 533 3060 apparebit
557 2998 595 3059 ep
622 2977 651 3042 ei
679 3001 760 3062 quae
788 2983 838 3043 est
860 2980 907 3043 ed.
954 2978 1104 3060 similiter

165 3138 189 3186 2.
208 3133 258 3203 kp]
277 3132 339 3203 kdp
357 3133 395 3187 D.
452 3137 476 3186 3.
496 3135 616 3205 sursum]
635 3151 685 3190 ser.
700 3153 816 3188 rursum.
873 3141 896 3189 6.
915 3134 1058 3204 tetragoni
1073 3136 1102 3207 a]

91 3205 245 3273 tetragona
262 3204 301 3259 D.
375 3201 747 3275 10.ine0]m9.m.1D.
821 3211 862 3259 15.
882 3207 930 3277 da]
951 3209 990 3277 dp
1008 3205 1058 3260 D?

90 3363 127 3426 ἃς
140 3361 171 3417 αἱ
185 3362 255 3434 ἴσαι]
274 3369 338 3417 m.2
352 3363 417 3417 Vat.
475 3361 607 3435 πλευραί]
627 3329 700 3430 riV3
720 3362 836 3434 πλαγίαι
849 3365 922 3433 var,
942 3382 1009 3419 eurr.
1025 3384 1060 3420 m.
1077 3372 1102 3421 2.

130 3440 171 3488 24.
192 3439 250 3489 ΕΓ
264 3467 299 3474 -
317 3440 360 3488 25.
380 3434 536 3503 φανήσεται
554 3436 584 3506 ἡ]
604 3452 657 3489 om.
677 3455 702 3489 v.
782 3442 824 3491 24.
843 3437 940 3508 ΑΖΕ]
960 3437 1016 3491 dee.
1037 3438 1101 3492 vat.

128 3528 170 3578 aa
190 3524 255 3596 BA]
275 3509 356 3578 ain
373 3543 399 3578 v.
