2424 3944
431 129 603 182 EUOLIDIS
622 129 760 182 OPTIOA.
1060 124 1102 191 89

90 279 125 340 et
153 273 326 359 parallelos
353 278 411 338 est.
457 273 798 359 parallelogrammum
826 277 876 337 est
903 293 981 359 ergo
1007 273 1102 355 oepb.

89 385 226 468 propter
241 381 354 445 eadem
372 402 449 444 uero
469 384 503 444 et
520 378 861 465 parallelogrammum
880 378 992 444 existit
1010 381 1103 462 edap.

89 492 195 553 restat
209 493 318 553 autem
332 488 562 572 demonstrare,
581 486 734 570 quoniam
748 485 855 551 minus
870 491 1004 570 apparet
1017 486 1103 551 idem

92 600 125 660 ot
153 595 266 660 maiua
322 593 531 658 manifestum
563 597 613 657 est
644 597 767 678 autem,
800 593 885 676 quod
916 592 1022 656 minor
1054 596 1104 657 est

91 700 231 786 angulus
252 722 322 783 peu
344 723 442 786 quam
462 701 536 783 ped.
574 699 727 784 quoniam
750 720 828 785 ergo
848 699 1103 764 demonstratum
1140 707 1156 756 ὁ

91 812 152 893 est,
176 807 261 891 quod
285 808 430 871 omniurn
452 828 510 891 per
534 811 680 870 centrum
703 807 872 871 ductarum
891 810 1049 871 reotarum
1071 809 1103 870 et

90 913 281 978 facientium
301 913 456 998 angulum
474 912 644 977 minimum
659 917 709 977 est
727 934 809 997 quae
829 912 888 976 sub
905 933 981 998 peu,
999 912 1104 975 minor

92 1041 172 1106 ergo
196 1042 293 1104 quarn
313 1020 388 1101 ped.
425 1023 458 1084 et
481 1023 532 1083 est
555 1019 692 1104 angulus
717 1020 846 1102 quidem
866 1021 927 1101 pel
948 1018 1103 1082 medietas

93 1126 231 1212 angulus
246 1127 322 1210 beo3
340 1125 680 1210 parallelogrammum
695 1125 928 1211 aequilaterum
942 1129 992 1189 est
1009 1124 1103 1189 enim.

94 1237 128 1296 et
151 1233 217 1298 uod
237 1232 392 1297 medietas
418 1232 528 1317 anguli
549 1234 628 1318 θεάς
654 1232 995 1317 parallelogrammum
1018 1230 1103 1296 enim
1123 1241 1157 1290 10

92 1337 325 1422 aequilaterum
350 1343 408 1404 est.
455 1343 487 1404 et
511 1338 566 1423 qui
591 1340 650 1404 sub
674 1340 738 1404 beo
760 1360 838 1425 ergo
862 1338 969 1402 minor
992 1342 1041 1402 est
1065 1359 1103 1402 eo

92 1444 150 1529 qui
174 1445 234 1509 sub
256 1446 327 1511 aed.
365 1468 462 1530 quare
486 1449 519 1510 et
542 1446 584 1510 ab
607 1446 797 1530 magnitudo
821 1443 1043 1530 magnitudine
1062 1446 1104 1509 da

91 1550 201 1614 minor
223 1550 396 1616 uidebitur.

161 1661 194 1721 et
212 1657 422 1722 manifestum
441 1661 491 1722 est
510 1680 550 1722 ex
567 1663 777 1742 praeostensa
795 1657 930 1742 ratione,
951 1657 1103 1740 quoniam

92 1763 266 1828 minimum
289 1763 418 1847 quidem
441 1764 604 1828 uidebitur
628 1765 668 1828 ad
691 1786 712 1829 a
734 1769 904 1849 punctum,
927 1763 1104 1828 maximum
1123 1773 1156 1822 15

94 1892 172 1935 uero
197 1871 237 1934 ad
260 1869 351 1955 illud,
374 1871 459 1955 quod
483 1871 658 1935 seeundum
681 1871 873 1935 diametrum
897 1871 998 1934 distat
1021 1869 1061 1934 ab
1083 1891 1105 1934 o

92 1981 231 2063 puncto,
263 1978 500 2063 aequale-uero
527 2000 584 2064 per
608 1978 741 2062 aequale
764 1977 887 2043 distans
910 1978 946 2041 in
968 1981 1104 2061 utraque

92 2085 135 2148 ab
160 2105 181 2147 o
202 2087 333 2167 puncto.

165 2259 212 2345 si,
239 2260 325 2343 quod
348 2261 489 2345 uidetur,
515 2262 778 2346 perpendiculare
801 2262 900 2327 fuerit
924 2262 1104 2327 subiacenti

93 2368 209 2453 plano,
240 2371 470 2450 transponatur
499 2390 576 2432 uero
606 2369 717 2433 oculus
750 2391 847 2453 super
875 2368 987 2434 oirouli
1018 2368 1104 2454 peri·
1122 2376 1157 2425 20

93 2473 211 2538 feriam
238 2477 393 2541 centrum.
412 2474 586 2538 habentem
612 2479 783 2559 punctum,
816 2475 991 2539 seeundum
1020 2475 1105 2558 quod

94 2579 305 2665 coniungitur
328 2580 518 2666 magnitudo
540 2580 686 2665 ebipedo,
709 2580 841 2664 aequale
860 2603 996 2665 semper,
1019 2581 1105 2665 quod

91 2686 271 2770 uidebitur,
295 2685 472 2770 apparebit.

162 2796 234 2857 esto
258 2796 431 2877 conspecta
452 2793 642 2877 magnitudo
665 2793 708 2857 ob
735 2793 1008 2879 perpendicularis
1032 2795 1105 2858 sub·

88 2911 306 2933 ——3-

167 2973 191 3020 2.
210 2935 477 3035 paralellogramum
491 2967 530 3034 D,
548 2973 580 3022 ut
594 2969 643 3022 lin.
654 2972 735 3034 9‚1o.
800 2971 823 3021 8.
845 2968 922 3038 ergo]
942 2969 973 3021 ln
991 2985 1045 3022 ros.
1065 2969 1102 3022 D.

129 3037 263 3109 angulus]
282 3054 332 3092 sor.
352 3036 457 3106 anguli.
534 3043 575 3093 10.
595 3040 672 3092 et-
688 3044 729 3093 11.
749 3040 792 3092 est
806 3039 885 3108 (11)]
904 3056 956 3108 rap.
975 3056 1009 3092 11.
1029 3045 1045 3092 1
1065 3039 1103 3094 D.

131 3115 173 3163 11.
194 3109 239 3180 eo]
259 3110 467 3176 1111111111,
486 3109 523 3163 D.
598 3115 639 3164 11.
660 3111 778 3177 utroque
797 3110 834 3163 D.

91 3270 169 3338 Vat,
198 3285 266 3323 corr.
289 3287 325 3322 m.
345 3274 370 3323 2.
460 3275 483 3323 9.
514 3271 604 3341 ΒΕΑ]
629 3273 715 3323 ΒΕΓ
733 3269 799 3323 Vm.
892 3273 932 3324 11.
961 3266 1026 3340 γάρ]
1051 3285 1103 3323 om.

91 3340 222 3396 VatAv.
278 3338 639 3429 11111110111111111.
696 3336 927 3411 11.1φ’]ἀφ’1.
984 3344 1024 3394 18.
1041 3340 1103 3412 μα’]

90 3429 147 3538 tt:
164 3410 249 3537 tal
264 3410 541 3552 V’lllultllll
584 3417 659 3554 ull
677 3408 805 3537 {llll
823 3419 872 3465 '‘l‘’
891 3411 928 3481 ‘³’
951 3420 1001 3466 '‘l'’
1021 3428 1104 3481 upa
