2424 3944
156 156 222 220 320
553 156 785 208 CATOPTRIOA.

155 310 218 365 οῦν
246 300 308 365 ἀπὸ
338 309 398 365 τοῦ
425 310 550 385 κυρτοῦ
579 299 741 384 ἐνόπτρου
768 304 944 384 θεωρεῖται
973 300 1011 364 τὸ
1036 304 1105 364 ΒΔ
1137 299 1171 364 ἐν

155 419 262 502 γωνία
289 424 327 500 τῇ
355 415 420 480 ὑπὸ
445 418 553 481 ΑΒΓ.
607 418 821 499 παρακείσθω
851 416 892 499 δὴ
921 418 1086 500 ἔνοπτρον
1109 413 1173 480 ἐπί-

155 532 258 595 πεδον
290 531 326 594 τὸ
356 534 427 595 ΑΓ
454 531 640 614 ἁπτόμενον
666 542 733 595 τῶν
760 531 870 607 όνεων
898 532 980 595 κατὰ
1007 531 1048 595 τὰ
1071 536 1118 614 A,
1138 534 1171 595 Γ.

156 647 281 711 οὐκοῦν
309 645 329 728 ἡ
353 648 429 723 ὄψις
457 646 476 729 ἡ
501 645 667 730 μέλλουσα
695 647 780 710 ἰδεῖν
805 647 842 711 τὸ
866 651 898 711 E
924 645 988 711 ἀπὸ
1017 655 1078 711 τοῦ
1107 645 1171 710 ἐπι-

120 773 136 820 5
156 760 259 825 πέδου
285 760 447 844 ἐνόπτρου
471 760 533 825 οὐκ
556 763 646 825 ἐστιν
668 759 689 843 ἡ
713 764 825 824 ΒΑΕ·
849 760 891 824 οὐ
913 761 977 845 γὰρ
998 772 1092 825 ποιεῖ
1111 785 1170 843 γω-

155 880 229 952 νίας
253 882 326 951 ἴσας
352 876 436 960 πρὸς
463 885 508 963 τῳ
532 874 673 962 ἐπιπέδῳ
698 875 855 962 ἐνόπτρῳ.
897 872 976 940 οὐδὲ
1000 878 1069 960 μὴν
1096 882 1169 941 αλα-

155 994 314 1074 σθήσεται
334 989 454 1074 μεταξὺ
473 1003 540 1056 τῶν
559 998 601 1074 A,
617 994 651 1055 Γ.
684 992 857 1056 αεκλόσθω
877 991 951 1074 γάρ,
969 993 1002 1055 εί
1016 993 1168 1073 δυνατόν,

153 1103 209 1169 καὶ
237 1108 319 1170 ἔστω
347 1105 367 1189 ἡ
393 1110 494 1171 ΒΖΕ
520 1108 604 1183 ὄψις.
660 1112 715 1189 ἴση
744 1108 807 1191 ἄρα
834 1107 854 1190 ἡ
878 1110 918 1169 Η
943 1110 1050 1189 γωνία
1080 1117 1119 1192 τῇ
1143 1111 1168 1171 Θ

154 1221 210 1285 διὰ
235 1223 296 1305 τὴν
319 1221 509 1287 ἀνάκλασιν.
555 1221 575 1304 ἡ
600 1218 636 1285 δέ
663 1226 691 1286 Θ
714 1225 832 1306 μείζων
854 1231 913 1305 τῆς
935 1225 1005 1304 NI,
1028 1220 1050 1305 ἡ
1075 1218 1113 1286 δέ
1134 1225 1173 1286 Μ

104 1352 137 1399 10
156 1347 213 1420 τῆς
240 1341 289 1401 Η·
323 1338 405 1402 ὥστε
433 1334 489 1401 καὶ
516 1336 536 1419 ἡ
564 1342 609 1401 Μ
631 1346 689 1421 τῆς
716 1340 780 1402 NI
807 1340 925 1421 μείζων
954 1336 1059 1402 ἐστίν·
1095 1337 1167 1420 ὅπερ

154 1453 331 1517 ἀδύνατον.
382 1453 464 1535 αὐτὴ
494 1452 557 1536 γὰρ
585 1451 605 1534 ἡ
634 1457 656 1516 I
680 1455 800 1536 μείζων
826 1461 884 1536 τῆς
909 1456 954 1516 Μ
977 1451 1083 1516 ἐστιν·
1117 1459 1165 1534 ἴση

154 1568 217 1652 γάρ
243 1567 332 1632 ἐστιν
355 1569 414 1652 ὅλῳ
434 1576 472 1651 τῇ
492 1569 575 1651 πρὸς
597 1578 636 1652 τῇ
655 1570 856 1654 περιφερείᾳ.
894 1567 986 1643 ἐκτὸς
1009 1569 1076 1653 ἄρα
1095 1567 1167 1632 ἄνα-

154 1687 376 1767 κλαοθήοεται
408 1692 468 1747 τοῦ
501 1689 540 1746 Α.
598 1683 772 1748 κεκλόσθω
804 1681 860 1748 καὶ
892 1686 974 1748 ἐστω
1008 1681 1028 1764 ἡ
1063 1687 1166 1748 ΒΚΕ.

155 1800 275 1883 ὁμοίως
303 1796 338 1862 δέ
367 1797 421 1862 καὶ
449 1797 469 1880 ἡ
493 1802 588 1862 ΒΑΔ
619 1809 765 1862 πεσεῖται
794 1798 894 1874 ἐκτός.
949 1799 987 1862 τὸ
1016 1800 1083 1884 ἄρα
1105 1803 1167 1863 ΒΑ

104 1927 137 1974 15
155 1915 221 1979 ὑπὸ
244 1917 391 1997 μείζονος
414 1916 538 1996 γωνίας
560 1920 735 1998 θεωρεῖται
764 1913 828 1978 ἀπὸ
854 1922 914 1977 τοῦ
937 1911 1099 1979 ἐπιπέδου
1121 1914 1136 1979 ἐ
1155 1955 1167 1962 -

156 2033 279 2113 όπτρου
312 2038 370 2111 τῆς
401 2027 633 2112 περιεχομένης
664 2029 729 2093 ὑπὸ
763 2032 867 2092 ΚΒΑ
899 2029 981 2111 ἥπερ
1015 2029 1081 2095 ἀπὸ
1113 2038 1167 2094 τοῦ

154 2153 288 2227 κυρτοῦ.
340 2149 414 2207 ἴσον
442 2140 478 2207 δὲ
506 2143 640 2227 ἐδείχθη
664 2147 870 2228 φαινόμενον
898 2144 935 2209 ἐν
957 2153 1004 2232 τῳ
1029 2144 1167 2232 ἐπιπέδῳ

156 2257 312 2345 ἐνόπτρῳ.
350 2259 498 2343 φανερὸν
522 2256 594 2342 οὖν,
618 2260 668 2324 ὅτι
692 2259 756 2325 ἀπὸ
780 2269 840 2325 τοῦ
863 2269 988 2344 κυρτοῦ
1008 2259 1168 2347 ἐνόπτρου

155 2375 192 2438 τὸ
214 2375 354 2438 εἰδωλον
377 2377 517 2438 ἔλασσον
541 2378 693 2458 φαίνεται
717 2384 776 2439 τοῦ
801 2373 981 2460 ὁρωμένου.

228 2626 250 2673 1.
275 2618 410 2687 ἐνόπτρου
447 2618 583 2687 ἐνόπτρου
606 2629 655 2674 τοῦ
679 2623 766 2675 ΑΟΓ
784 2639 820 2674 m.
916 2626 940 2674 2.
969 2623 1072 2694 ΑΒΓ]
1096 2628 1119 2676 A
1141 2621 1169 2674 in

155 2709 208 2743 ras.
228 2691 261 2744 V.
327 2697 350 2744 3.
369 2689 405 2743 τοί
435 2690 466 2743 τό
485 2690 541 2771 Μ..
588 2697 612 2745 4.
631 2691 743 2763 ἡ(ω11.)]
763 2708 815 2746 om.
831 2692 954 2746 VMvm.
1020 2691 1167 2773 μέλλοντα]

156 2762 246 2814 lacun.
266 2762 302 2815 M.
386 2762 426 2832 E]
445 2765 513 2815 mut.
533 2780 563 2814 m
583 2766 638 2816 ΕΔ
657 2781 692 2816 m.
713 2770 729 2816 2
748 2763 781 2816 V.
864 2768 888 2816 5.
910 2762 982 2816 ἐστιν
1001 2763 1037 2835 ἡ]
1059 2763 1167 2833 ἐσταιη

155 2833 260 2956 ίῗύῗὴί
260 2842 324 2956 {1¹3¹
327 2875 357 2954 'm
398 2839 421 2885 ⁷·
440 2831 666 2975 δῗλόῗέωιδῖ·
689 2839 760 2959 ιιῗι
776 2833 844 2957 ἐξα]
864 2833 919 2957 ‘³⁰3‘
939 2831 1167 2976 ἐόῗῖιὶἐίἐέ

155 2923 254 3043 όόέδοο
273 2974 337 3027 add.
357 2945 454 3042 νωνία,
473 2993 509 3030 m.
574 2925 711 3044 μεῖζονγν,
732 2949 831 3044 μέίζων
850 2948 960 3030 ἐστίέυι,
1027 2978 1095 3049 ΝΙ]
1114 2948 1168 3044 Vv:

155 3046 210 3100 ὑπὸ
230 3052 278 3099 BA
287 3049 307 3098 Z
325 3063 362 3111 m,
383 3048 415 3098 N
430 3047 466 3100 M.
528 3046 545 3114 ἡ
565 3045 645 3101 δέ-
662 3053 702 3100 12.
722 3046 897 3120 περιφερείᾳ]
916 3047 966 3102 καὶ
983 3047 1001 3115 ἡ
1020 3049 1077 3103 ὑπὸ
1093 3052 1167 3103 ΒΖΑ

156 3117 211 3184 ἄρα
235 3121 398 3186 (suprascr.
418 3135 454 3170 m.
476 3119 501 3185 1)
524 3116 611 3186 γωνία
635 3116 733 3187 μείζων
757 3118 813 3171 ἐστὶ
834 3127 883 3188 τῆς
905 3117 961 3172 ὑπὸ
981 3122 1072 3173 ΒΑΖ·
1103 3118 1167 3186 ὅπερ

156 3188 229 3240 ἐστὶν
248 3188 393 3242 ἀδύνατον
411 3205 447 3241 m.
517 3191 751 3260 10.H]NMv.
825 3191 943 3260 NI]N
960 3189 1052 3244 V?M.
1113 3199 1167 3260 μεῖ-

156 3261 203 3322 ζον
221 3278 246 3312 τ.
321 3264 362 3312 11.
384 3260 413 3329 1]
434 3262 466 3311 N
481 3261 518 3313 M.
591 3263 684 3328 μεῖζον
703 3279 728 3314 v.
800 3261 860 3332 τῆς]
880 3269 929 3314 τοῦ
948 3260 985 3314 Μ.
1062 3262 1138 3316 12.έ
1155 3293 1165 3301 -

155 3365 212 3436 τός]
238 3364 315 3427 ἐντός
334 3365 371 3419 Μ,
464 3372 504 3420 14.
531 3364 644 3437 ὁμοίως]
664 3345 683 3434 ό
701 3367 733 3420 V.
825 3364 873 3438 δέ]
898 3383 951 3420 om,
971 3367 1007 3420 M.
1093 3368 1167 3429 ἐκτός

155 3445 280 3489 πεσεῖται
297 3445 346 3490 τοῦ
368 3440 394 3489 Γ
408 3455 443 3490 m.
519 3444 559 3490 16.
579 3446 679 3506 τῆς-
699 3439 791 3510 ΚΒΑ]
811 3455 863 3492 om.
881 3456 916 3490 m.
991 3443 1034 3492 17.
1055 3438 1117 3495 ἴσον
1136 3469 1166 3479 -

157 3513 197 3561 18.
222 3507 362 3580 ἐνόπτρῳ]
388 3506 486 3575 μείζων
510 3508 563 3578 γὰρ
586 3509 603 3578 ἡ
628 3508 682 3563 ὑπὸ
702 3514 781 3564 ΚΒΑ
808 3517 857 3579 τῆς
879 3510 933 3563 ὑπὸ
952 3514 1038 3563 ΑΒΓ
1057 3509 1107 3565 καί
1133 3528 1165 3563 m
