2424 3944
405 123 575 176 EUCLIDIS
594 125 730 176 OPTIGA.
1031 120 1073 187 ‘13

60 266 249 334 diculariter
277 271 433 333 secantes.
479 267 591 332 oculus
619 288 696 331 uero
725 267 819 352 site,
846 290 865 332 a
893 289 956 351 quc
984 272 1074 333 recta

60 397 161 460 super
184 378 330 439 ce'ntrurn
358 373 530 439 coniuncta
557 373 598 438 ad
620 377 725 438 rectos
747 374 852 439 lineae
877 377 937 460 qd,
968 374 1008 439 ad
1031 375 1074 440 ab

59 503 142 547 uero
170 503 248 546 casu
280 480 436 566 angulum
464 480 641 564 contineat,
674 483 708 545 et
735 480 778 545 sit
804 500 842 546 ee
873 502 910 545 ea
947 502 1028 564 quae
1056 503 1074 544 a

61 591 176 654 centro
191 587 303 652 maior.
335 587 417 670 dico,
436 586 588 671 quoniam
601 586 786 670 inaequales
800 586 951 652 diametri
965 588 1017 673 ab,
1028 590 1076 670 qd

61 693 278 780 apparebunt,
306 698 340 758 et
363 693 504 758 maxima
527 693 655 777 quidem
675 695 736 780 qd,
763 693 899 758 minima
920 716 998 758 uero
1022 695 1073 778 ab,
1110 704 1126 752 5

62 823 253 886 semperque
284 800 417 885 propior
449 800 613 873 minimae¹
632 799 806 866 remotiore
838 800 961 886 minor,
995 800 1075 864 duae

61 912 194 974 tantum
225 907 375 973 diametri
408 907 557 992 aequales
590 909 792 992 apparebunt
824 908 1002 991 aequaliter
1031 907 1077 972 di·

62 1018 190 1080 stantes
214 1035 254 1078 ex
276 1018 412 1098 utraque
435 1019 527 1098 parte
551 1013 712 1078 minimae.
754 1014 908 1099 quoniam
931 1035 1009 1100 ergo
1030 1015 1079 1097 qd

60 1120 234 1203 utriusque
262 1121 318 1205 ab,
341 1140 378 1186 ez
405 1125 455 1185 est
482 1120 768 1205 perpendicularis
801 1125 834 1185 et
861 1121 970 1186 omnia
997 1142 1075 1207 ergo

63 1249 148 1311 quae
170 1248 228 1312 per
248 1228 296 1309 qd
318 1225 453 1311 ebipeda
476 1227 591 1291 educta
614 1226 643 1290 ei
667 1228 754 1310 quod
775 1249 833 1312 per
856 1248 906 1312 ea,
929 1226 972 1292 ab
1000 1232 1076 1292 sunt
1095 1236 1129 1285 10

62 1334 106 1398 ad
127 1337 244 1398 rectos.
290 1354 389 1418 quare
419 1337 452 1397 et
474 1332 671 1397 subiacentis
696 1332 808 1398 circuli
831 1333 1015 1419 ebipedum,
1041 1333 1077 1397 in

63 1462 130 1526 quc
159 1444 209 1504 est
234 1439 289 1522 qd.
339 1438 489 1503 trahatur
516 1460 595 1526 ergo
624 1440 664 1504 ab
688 1460 704 1504 e
729 1444 851 1524 puncto
880 1461 977 1524 super
1004 1441 1077 1505 sub-

62 1548 174 1612 iacens
212 1545 382 1631 ebipedum
419 1546 584 1631 cathetus3
627 1568 723 1631 super
760 1568 964 1611 communem
1000 1567 1076 1632 ergo

44 1643 245 1720 'sectionem
272 1652 481 1737 ebipedorum
509 1652 633 1717 scilicet
655 1653 699 1718 cl>
727 1653 828 1718 cadet.
879 1653 972 1717 cadat
1000 1674 1077 1739 ergo

64 1765 99 1826 et
123 1759 169 1825 sit
191 1759 239 1845 ele,
260 1759 533 1843 protrahaturqne
557 1759 715 1823 diametro
739 1758 850 1825 circuli
869 1759 1012 1842 aequalis
1031 1760 1078 1824 lm
1097 1768 1131 1817 15

64 1872 100 1933 et
123 1865 288 1931 diuidatur
309 1866 345 1930 in
368 1867 431 1930 duc
455 1888 558 1950 aequa
581 1866 621 1931 ad
644 1870 801 1950 punctum
819 1887 851 1951 a,
874 1870 907 1930 et
929 1865 1078 1930 trahatur

64 1997 84 2040 a
103 1977 226 2058 puncto
245 1993 268 2036 a
290 1975 397 2036 rectae
416 1972 465 2036 lm
486 1973 760 2058 perpendicularis
779 1978 869 2039 recta
886 1993 949 2058 aa,
972 1973 1077 2056 sitque

65 2102 105 2145 ea
127 2100 178 2144 aa
203 2083 310 2144 rectae
333 2098 371 2143 er
397 2078 549 2162 aequalis.
594 2080 705 2163 itaque
734 2080 820 2145 circa
843 2080 890 2144 lm
917 2079 1079 2165 descripta

66 2185 171 2253 sectio
194 2185 327 2251 ueniens
350 2207 409 2270 per
430 2206 453 2250 a
479 2186 584 2250 maior
606 2191 657 2250 est
680 2185 897 2272 semicirculo,
925 2186 1078 2271 quoniam

64 2297 158 2358 recta
184 2312 233 2357 aa
261 2289 365 2357 maior
393 2296 443 2356 est
469 2296 606 2376 utraque
634 2292 685 2378 al,
708 2314 774 2358 am.
830 2298 900 2358 esto
928 2293 1015 2378 lxm,
1046 2298 1078 2357 et
1097 2302 1132 2351 20

66 2399 308 2485 coniungantur
338 2398 387 2483 la,
414 2419 480 2464 am.
536 2398 591 2482 qui
619 2419 697 2484 ergo
725 2399 766 2464 ad
792 2420 815 2464 a
842 2398 979 2484 angulus
1008 2421 1079 2463 con-

66 2510 181 2571 tentus
204 2506 265 2570 sub
289 2505 335 2590 la,
356 2525 415 2570 rem
438 2504 537 2569 rectis
560 2505 704 2588 aequalis
728 2510 778 2569 est
801 2506 839 2590 ei,
862 2505 918 2588 qui
937 2508 987 2569 est
1007 2505 1080 2569 ade

65 2615 235 2698 punctum,
254 2615 407 2676 contento
428 2610 488 2676 sub
507 2632 523 2676 e
541 2615 574 2675 et
591 2632 618 2697 r,
634 2633 664 2696 9,
682 2612 710 2676 d.
748 2611 965 2676 constituatur
984 2610 1024 2675 ad
1042 2611 1080 2675 la

66 2722 193 2785 rectam
217 2721 250 2782 et
271 2717 380 2801 ipsum
397 2738 421 2781 a
443 2721 597 2801 punctum
622 2717 761 2804 angulus
785 2717 927 2801 aequalis
951 2717 1080 2802 angulo,

142 2983 184 3034 15.
205 2978 353 3052 diametro]
373 2977 524 3048 diametru,
543 2982 607 3036 add.
628 2998 653 3050 s,
673 2981 710 3034 D.
749 2981 808 3052 My.
827 2998 861 3035 m.
880 2985 911 3034 1:
931 2978 1081 3048 ebipedum

65 3053 110 3126 qd
129 3052 167 3105 D.
241 3056 282 3106 17.
302 3052 331 3122 a]
351 3050 388 3117 ad
406 3051 444 3105 D.
516 3057 558 3106 21.
579 3051 711 3123 angulus]
730 3069 797 3107 corr.
817 3069 851 3107 ca
869 3049 987 3120 angulos
1006 3053 1043 3105 D.
1074 3050 1079 3072 ·’

68 3335 124 3408 γὰρ
149 3330 214 3404 οὖν,
243 3336 292 3389 sed
320 3334 372 3405 γάρ
397 3335 464 3405 del,
492 3337 525 3391 V.
617 3336 690 3391 ἐστιν
714 3353 739 3390 v.
830 3340 853 3389 9.
882 3337 935 3408 τῷ]
963 3344 1018 3390 τῶν
1044 3353 1080 3390 m.

106 3407 181 3462 ἐστιν
199 3424 226 3462 v,
310 3413 350 3462 14.
371 3407 492 3479 διήχθω]
511 3406 592 3477 ἤχθω
610 3425 635 3461 r.
719 3412 760 3461 19.
780 3408 872 3475 μεῖζον
890 3424 916 3462 v.
997 3403 1081 3478 ἐστίν]

67 3496 124 3534 cm.
143 3496 170 3533 u.
