2424 3944
432 156 711 210 PROLEGOMENA.
1017 156 1080 211 LIII

64 296 178 351 minora
196 298 226 350 et
243 295 336 350 minus
354 295 505 365 distantia,
529 313 547 350 a
565 293 696 350 concauis
715 294 828 350 omnino
846 297 1079 368 magnitudine*),

64 376 306 445 quemadmodum
324 376 548 430 demonstratum
567 378 617 431 est.

138 474 174 512 ex
197 456 328 512 concauis
353 455 473 526 speculis
503 456 539 510 ad
568 455 655 510 solem
677 457 778 527 positis
801 458 896 528 ignem
919 460 1079 514 accendere.

65 539 128 592 esto
157 554 313 592 concauam
340 537 484 607 speculum
506 538 579 607 adp,
609 537 651 590 sol
676 554 743 592 uero
767 541 835 607 cde,
865 541 990 592 centrum
1013 556 1079 593 uero

64 617 175 687 speculi
194 625 213 687 t,
232 620 262 672 et
280 618 316 672 ab
335 616 431 686 aliquo
449 619 554 686 puncto
573 616 641 670 solis
659 619 692 671 ut
708 619 727 672 d
745 618 898 688 coniugata
916 636 999 687 super
1017 635 1080 672 cen-

64 700 143 751 trum
156 699 217 753 deo
235 700 314 752 recta
331 698 469 752 trahatur.
497 696 606 750 incidat
620 699 716 751 autem
729 700 770 769 dy
786 697 883 752 radius
902 700 931 751 et
944 698 1080 769 refringa-

64 780 113 832 tur
131 794 216 848 super
233 779 257 833 lc.
290 795 347 832 non
366 780 461 832 auoem
479 776 648 846 refringatur
667 793 749 846 super
763 780 889 831 centrum
907 785 925 832 t.
960 779 1080 848 angulus

65 856 143 912 enim
160 858 274 929 tw),
302 857 351 926 qui
375 852 479 912 estad
499 855 767 926 circumferentiam,
795 856 886 911 minor
909 859 952 911 est
975 859 1079 928 angulo

64 937 243 994 semicirculi.
272 941 302 992 et
315 941 376 993 esto
389 941 429 993 ab
446 935 579 1007 periferia
593 935 702 1004 equalis
717 939 755 1008 by
771 936 910 1006 periferie,
929 940 959 990 et
972 937 1080 993 incidat

65 1017 141 1073 alius
163 1017 261 1072 radius
284 1020 333 1074 dc.
379 1017 562 1072 manifestum
585 1019 628 1070 est
651 1015 751 1086 igitur,
780 1017 857 1084 quod
879 1020 921 1073 dc
943 1017 1080 1072 refractus

64 1097 163 1152 ueniet
186 1112 269 1166 super
290 1098 322 1165 k3
351 1095 494 1164 equalium
518 1095 592 1150 enim
614 1096 809 1166 periferiarum
833 1097 959 1152 eiusdem
982 1098 1080 1152 circuli

64 1177 182 1246 equales
206 1179 273 1230 sunt
295 1176 400 1247 anguli.
448 1175 578 1230 similiter
606 1179 701 1230 autem
724 1177 975 1247 demonstrabitur,
1004 1179 1079 1246 quod

64 1272 163 1312 omnes
181 1256 255 1311 radii
275 1274 292 1311 a
308 1260 414 1326 puncto
429 1259 448 1312 d
467 1255 580 1326 speculo
599 1254 755 1310 incidentes
774 1256 919 1325 inequales
933 1257 1079 1327 periferias

64 1337 308 1406 deprehendentes
328 1336 402 1391 circa
419 1339 527 1391 rectam
545 1338 576 1391 tb
599 1335 714 1390 refracti
737 1336 898 1391 coincident
915 1337 945 1390 in
964 1337 1080 1407 aliquod

63 1416 143 1469 idem
160 1419 296 1486 punctum
314 1419 390 1470 recte
408 1419 448 1472 tt.
481 1419 542 1470 esto
560 1433 656 1470 rursus
675 1433 829 1471 concauum
848 1417 992 1487 speculum
1011 1421 1079 1490 bap,

63 1495 109 1550 sol
132 1511 200 1550 uero
225 1498 294 1565 das,
323 1498 352 1550 et
376 1495 412 1549 ab
436 1495 532 1564 aliquo
555 1498 660 1564 puncto
684 1496 751 1550 solis
770 1499 834 1552 ute
856 1515 906 1567 per
923 1506 935 1553 t
953 1502 1080 1553 centrum

63 1578 128 1631 esto
146 1575 242 1630 radius
261 1577 326 1645 ctb,
350 1579 379 1630 et
398 1575 434 1629 ab
454 1574 518 1629 aliis
538 1575 647 1629 scilicet
665 1579 713 1631 dc
731 1576 789 1631 sint
804 1577 878 1630 radii
896 1581 953 1649 dtp
971 1582 1000 1632 et
1018 1587 1079 1635 ata.

63 1659 95 1712 et
107 1655 244 1724 quoniam
258 1673 354 1711 omnes
368 1655 441 1710 radii
457 1658 635 1710 transeuntes
649 1672 699 1724 per
709 1658 834 1709 centrum
844 1655 953 1710 faciunt
966 1658 1079 1724 equales

63 1735 186 1806 angulos
201 1735 238 1790 ad
252 1735 422 1806 perife1iam,
440 1739 525 1807 pr0†)
544 1753 578 1790 eo
593 1735 734 1805 scilicet†)
748 1736 823 1803 quod
837 1736 947 1790 faciunt
961 1738 1080 1807 angulos

63 1815 314 1885 semicirculorum,
334 1833 429 1870 omnes
448 1815 640 1886 refringantur
658 1832 741 1884 super
755 1832 784 1869 se
798 1815 874 1885 ipsos
894 1817 931 1870 ad
945 1820 1079 1874 centrum.

63 1896 121 1950 hiis
151 1913 217 1966 ergo
240 1895 328 1951 radiis
351 1913 401 1966 per
423 1913 573 1951 concursus
598 1896 635 1949 ad
658 1895 777 1949 eandem
799 1899 909 1965 partem
934 1896 1079 1951 calefactis

64 1976 143 2047 iguis
162 1976 333 2030 accenditur.

137 2056 257 2111 eandem
279 2055 367 2110 citare
390 2055 503 2111 uidetur
525 2057 651 2126 Rogerus
674 2056 749 2109 Baco
774 2054 823 2123 Op.
843 2054 909 2110 mai.
928 2073 955 2124 p.
976 2063 1022 2112 51:
1051 2060 1080 2111 et

61 2137 132 2191 ideo
150 2139 269 2207 oportet,
288 2138 321 2190 ut
339 2136 452 2206 speculo
472 2153 595 2191 concauo
615 2135 652 2189 ad
671 2135 758 2189 solem
776 2133 869 2204 posito
888 2134 962 2204 ignis
983 2153 1080 2196 accen·

62 2217 163 2285 datur,
187 2216 261 2270 sicut
283 2215 353 2270 dicit
375 2216 477 2270 ultima
495 2214 650 2286 propositio
669 2215 735 2268 libri
755 2215 789 2269 de
809 2215 942 2284 speculis,
966 2235 992 2286 p.
1014 2223 1079 2272 308:

62 2295 181 2366 speculo
195 2311 318 2350 coucauo
334 2295 371 2349 ad
380 2295 468 2349 solem
481 2295 574 2364 posito
588 2294 662 2365 ignis
673 2295 842 2364 accenditur,
857 2298 890 2349 ut
900 2295 970 2350 dicit
979 2296 1080 2351 ultima

61 2375 222 2447 propositio
241 2375 276 2430 de
295 2374 424 2446 speculis,
444 2374 553 2429 scilicet
571 2375 601 2429 in
619 2376 723 2444 puncto
743 2373 812 2443 axis,
832 2375 869 2428 ad
888 2392 971 2442 quem
984 2376 1080 2429 reflec-

62 2459 165 2512 tuntur·
183 2472 278 2510 omnes
296 2454 370 2509 radii
389 2454 611 2509 circumferentia
630 2453 713 2507 unius
733 2453 842 2522 circuli3
862 2454 937 2508 unde
956 2455 981 2508 si
995 2458 1079 2525 stupa

62 2536 113 2591 uel
132 2534 212 2589 aliud
230 2534 428 2590 combustibile
447 2539 617 2605 apponatur,
642 2534 700 2589 sole
723 2534 835 2588 fortiter
856 2534 986 2589 radiante
1005 2552 1079 2589 com-

63 2615 131 2670 buri
153 2617 247 2685 potest
270 2614 301 2669 iu
317 2618 423 2685 puncto
446 2614 505 2670 illo.
543 2615 593 2670 sed
610 2613 742 2668 Euclides
762 2615 797 2668 de
816 2614 936 2684 speculis
956 2615 982 2670 ei
1002 2615 1080 2670 aliud

62 2713 136 2766 opus
156 2697 212 2764 est;
232 2712 259 2750 u.
273 2714 301 2765 p.
317 2701 382 2752 309:
401 2695 484 2749 docet
502 2695 578 2749 enim
591 2694 722 2748 Euclides
741 2693 771 2748 in
790 2700 824 2748 33
838 2695 1030 2764 propositione
1045 2697 1079 2749 de

62 2775 187 2846 speculis
216 2774 256 2830 sic
279 2775 393 2845 figurari
418 2775 574 2844 speculum,
603 2778 635 2829 ut
658 2774 840 2844 congregatio
864 2775 1008 2829 radiorum
1030 2775 1080 2828 fiat

63 2859 133 2912 ante
152 2857 181 2909 et
198 2857 286 2924 retro,
307 2873 334 2925 p.
350 2861 415 2911 310:
435 2859 464 2909 et
482 2855 556 2909 sicut
574 2854 645 2908 dicit
662 2854 793 2909 Euclides
812 2854 885 2909 libro
904 2855 939 2908 de
958 2853 1079 2924 speculis

63 2939 95 2991 et
117 2935 254 3005 probatur
276 2934 307 2988 in
332 2935 569 3005 7propositione,
598 2934 688 3005 figura
713 2934 784 2988 lucis
812 2937 855 2988 est
882 2933 972 2988 maior
995 2952 1080 3002 quam

62 3015 207 3085 foramen,
241 3015 289 3070 cfr.
317 3033 344 3085 p.
369 3021 436 3072 306:
469 3018 498 3070 et
527 3016 601 3069 hanc
628 3014 824 3084 probationem
852 3013 971 3067 eandem
998 3013 1079 3068 affert

62 3095 197 3150 Euclides
221 3095 258 3148 ad
281 3101 297 3148 t
315 3094 537 3164 propositionem
563 3093 606 3148 sui
629 3094 696 3148 libri
717 3093 822 3163 (agitur
845 3093 879 3146 de
899 3092 1022 3162 catoptr.
1044 3099 1077 3165 1),

61 3194 90 3246 p.
106 3182 173 3231 33οε
191 3174 322 3229 Euclides
342 3176 425 3229 docet
442 3175 562 3244 figurare
581 3175 734 3244 speculum,
753 3173 829 3241 quod
848 3172 994 3227 comburat
1013 3177 1078 3229 ante

62 3258 94 3310 et
116 3259 200 3310 retro.
237 3271 289 3309 nec
312 3254 445 3309 Albertus
463 3255 584 3325 Magnus
606 3257 733 3309 nostrum
757 3270 826 3322 opus
851 3252 887 3306 ob
911 3253 1006 3308 oculos
1029 3255 1079 3309 ha-

63 3369 278 3377 ——.—--—-

136 3425 160 3493 ')
179 3440 268 3493 comp.
289 3423 413 3478 dubium.
522 3424 559 3493 **)
578 3426 619 3494 qd
636 3425 702 3493 post
720 3439 783 3492 ras,
803 3425 815 3477 r·
834 3422 897 3478 add.
917 3442 973 3494 mg.

131 3499 161 3566 †)
180 3512 269 3566 comp.
289 3496 355 3550 dub.
