2424 3944
102 137 167 201 110
443 140 613 192 EUCLIDIS
632 139 771 191 OPTIOA.

100 285 288 369 ηγούμενον
311 282 364 350 ἐπὶ
382 292 441 348 τοῦ
460 288 499 348 Ν
501 283 532 358 Ξ
551 284 730 367 γενόμενον
752 279 839 360 δόξει
863 281 1121 367 ἐπακολουθεῖν,

100 391 138 454 τὸ
162 386 199 454 δὲ
217 394 290 454 ΑΚ
310 391 563 456 ἐπακολουθοῦν
582 388 634 454 ἐπὶ
652 397 712 454 τοῦ
732 393 806 453 ΣΤ
823 391 1005 473 γενόμενον
1028 387 1119 468 δόξει

99 504 329 584 προηγεῖσθαι.

577 602 643 668 να’.

66 739 81 786 5
165 726 242 791 Έάν
264 752 366 793 τινων
389 726 583 815 φερομένων
605 729 769 793 πλειόνων
792 726 896 814 ἀνίσῳ
920 726 1011 811 τάχει
1034 744 1119 813 συμ-

100 834 330 921 παραφέρηται
362 833 415 899 ε’πὶ
442 836 482 899 τδι
510 835 594 899 αύτδι
626 833 681 899 καὶ
708 835 745 898 τὸ
775 836 876 918 ὄμμα,
908 834 949 897 τά
976 830 1038 918 μὲν
1071 843 1119 923 τῷ

101 944 221 1026 ὄμματι
247 945 406 1026 ἰσοταχῶς
433 945 599 1028 φερόμενα
625 940 712 1019 δόξει
736 939 883 1024 ἑστάναι,
910 940 951 1005 τά
975 937 1012 1005 δὲ
1035 944 1119 1028 βρα-

101 1049 241 1134 δύτερον
269 1051 317 1125 είς
344 1049 541 1114 τούναντίον
569 1048 747 1135 φέρεσθαι,
780 1049 821 1112 τὰ
848 1044 885 1111 δὲ
912 1053 1041 1112 θᾶττον
1072 1051 1120 1126 είς

100 1155 140 1219 τδι
162 1157 403 1241 προηγούμενα.

48 1275 81 1324 10
167 1261 322 1347 φερέσθω
337 1287 399 1345 γαρ
415 1262 677 1350 ἀνισςοταχειτά
687 1265 828 1346 Β,Γ,Δ,
884 1248 924 1315 B
975 1251 1016 1316 Γ
1084 1251 1117 1317 Δ

100 1366 156 1432 καὶ
177 1370 368 1453 βραδύτατα
390 1366 451 1453 μὲν
478 1366 632 1456 φερέσθω
656 1370 693 1434 τὸ
717 1372 761 1452 Β,
791 1370 828 1434 τὸ

101 1471 138 1539 δὲ
162 1478 194 1539 Γ
213 1477 372 1559 ἰσοταχῶς
394 1485 439 1564 τῷ
463 1479 498 1540 Κ
518 1478 651 1560 ὄμματι,
679 1477 716 1540 τὸ
739 1471 776 1540 δὲ
795 1481 828 1539 Δ

100 1588 226 1647 θᾶττον
249 1592 308 1648 τοῦ
328 1586 364 1647 Γ.
404 1583 468 1648 ἀπὸ
492 1579 528 1646 δδ
551 1592 610 1647 τοῦ
630 1585 664 1645 Κ
684 1584 828 1666 ὄμματος

100 1687 394 1775 προσπιπτέτωσαν
425 1689 553 1766 ἀκτῖνες
584 1690 622 1754 αί
647 1692 728 1772 ΚΒ,
752 1692 827 1771 ΚΓ,

48 1808 81 1856 15
100 1798 173 1860 KA.
211 1796 335 1861 οὐκοῦν
352 1805 398 1884 τςό
415 1798 534 1881 ὄμματι
552 1798 828 1882 παραφερόμενον
988 1813 1039 1881 K

100 1903 137 1966 τὸ
158 1906 190 1967 Γ
207 1901 340 1968 ἑστάναι
359 1902 461 1987 δόξει,
483 1905 521 1968 τὸ
545 1899 582 1967 δὲ
601 1907 629 1967 Β
653 1903 828 1968 ὑπολειπό-

100 2031 202 2092 μενον
221 2011 268 2084 είς
286 2009 483 2075 τούναντίον
499 2008 673 2096 φέρεσθαι,
692 2010 728 2073 τὸ
749 2006 785 2073 δὲ
798 2015 841 2092 Δ,
861 2007 1023 2075 ὃθῖιττον
1036 2010 1117 2077 ὑπό·

100 2137 204 2179 κειται
227 2117 364 2199 τούτων,
384 2116 546 2203 φέρεσθαι
561 2115 649 2194 δόξει
663 2118 710 2193 είς
728 2117 977 2202 τοῦμπροσθεν·
1000 2123 1118 2184 πλεῖον

101 2222 163 2306 γάρ
188 2221 251 2286 ἀπὸ
275 2224 403 2288 τούτων
426 2223 653 2306 ἀποστήσεται.

47 2409 81 2458 20
576 2401 641 2484 νβ’.

165 2522 241 2588 Ἐάν
265 2548 367 2590 τινων
391 2524 584 2612 φερομένων
606 2526 826 2610 διαφαίνηταί
845 2549 878 2590 τι
905 2527 950 2611 μὴ
976 2530 1116 2615 φερόμε·

100 2654 172 2713 νον,
196 2629 283 2708 δόξει
308 2633 344 2696 τὸ
367 2634 411 2716 μὴ
434 2634 620 2718 φερόμενον
643 2634 690 2709 είς
712 2633 753 2696 τά
774 2634 916 2698 ὄπισθεν
941 2631 1114 2720 φέρεσθαι.

168 2736 322 2823 φερέσθω
347 2741 409 2823 γὰρ
433 2740 472 2803 τά
495 2742 538 2822 Β,
558 2744 605 2822 Δ,
635 2737 757 2822 μενέτω
782 2735 819 2802 δὲ
844 2740 881 2804 τὸ
906 2743 943 2823 Γ,
971 2739 1031 2806 καὶ
1052 2740 1114 2807 ἀπὸ
1197 2719 1199 2742 ¹

100 2853 160 2909 τοῦ
184 2846 329 2929 ὄμματος
346 2844 640 2931 προσπιπτέτωσαν
659 2844 788 2922 ἀκτῖνες
806 2847 843 2910 αί
861 2850 933 2930 ΖΒ,
954 2851 1028 2932 ΖΓ,
1046 2852 1114 2913 ΖΔ.

48 2960 82 3009 25
102 2950 226 3017 οὐκοῦν
254 2953 291 3016 τὸ
319 2949 379 3035 μὲν
402 2956 430 3016 Β
459 2954 644 3038 φερόμενον
672 2955 784 3035 ἔγγιον
809 2955 900 3017 ἔσται
923 2962 984 3018 τοῦ
1010 2958 1048 3040 Γ,
1077 2954 1114 3019 τὸ

102 3055 139 3122 δὲ
170 3063 203 3121 Δ
240 3057 437 3145 ἀποχωροῦν
473 3060 696 3145 πορρώτερον·
734 3060 781 3135 είς
816 3058 1017 3126 τούναντίον
1053 3063 1114 3148 ἄρα
1190 3045 1199 3075 ⁷

102 3164 264 3250 φέρεσθαι
288 3164 374 3244 δόξει
398 3168 434 3231 τὸ
460 3170 494 3231 Γ.

173 3328 197 3377 2.
217 3325 279 3394 τού]
298 3322 330 3377 τό
348 3322 413 3377 vat.
482 3329 507 3377 4.
527 3323 588 3394 να’]
609 3339 661 3376 om.
677 3340 703 3392 V,
723 3322 767 3394 ξβ’
782 3322 816 3392 V,
835 3322 862 3387 ξ’
878 3322 1037 3381 m.2Vafi.
1079 3326 1112 3379 ό.
1210 3341 1212 3352 ⁴

101 3391 207 3448 ἀνίσων
225 3412 251 3448 v,
343 3392 606 3465 σνμπαραφέρηται]
627 3391 875 3464 σνμπαραφέρεται
892 3390 940 3451 VJ
1021 3400 1046 3452 9.
1068 3392 1112 3467 τό]

102 3515 186 3568 supra
206 3517 256 3555 scr,
272 3507 334 3555 m.1
350 3501 414 3555 Vat.
471 3507 512 3555 11.
533 3502 705 3572 βραδύτατα]
725 3476 856 3572 βραδύτόις
876 3501 942 3557 Vat.
998 3502 1032 3558 τό
1041 3500 1111 3574 (pt.)]
1188 3477 1212 3568 ;
