2424 3944
126 158 192 224 322
519 160 751 212 CATOPTRIOL

602 354 667 439 κβ’.

195 481 250 547 Ἐν
281 495 350 559 τοῖς
381 493 515 566 κυρτοῖς
547 480 718 565 ἐνόπτροις
754 479 818 545 ἀπὸ
850 491 919 544 τῶν
952 479 1140 546 ἐλασσόνων

127 589 296 674 ἐνόπτρων
320 589 481 654 ἐλάσσονα
503 591 655 672 φαίνεται
679 588 719 651 τὰ
741 589 872 652 εἴδωλα.

193 699 274 760 ἔστω
299 707 425 780 σφαῖρα
447 698 566 778 μείζων
588 690 649 778 μὲν
671 695 692 777 ἡ
711 699 744 758 Α
750 697 786 777 Γ,
810 693 960 759 ἐλάσσων
979 691 1016 758 δὲ
1035 693 1055 776 ι]
1074 698 1140 757 ΕΛ

91 801 201 883 οπερ]
224 804 261 866 τὸ
285 801 366 866 αὐτὸ
388 800 527 886 κέντρον
549 802 586 865 τὸ
611 804 654 883 Θ,
682 802 770 884 ὄμμα
797 797 834 864 δέ
856 800 893 865 τὸ
917 804 962 882 B,
990 798 1047 864 καὶ
1071 800 1138 864 ἐπε-

127 910 254 992 ζεύχθω
281 908 302 991 ἡ
328 912 390 972 BA
396 912 439 990 Θ,
470 905 526 971 καὶ
553 905 616 970 άπὸ
645 915 703 987 τῆς
730 908 874 990 σφαίρας
901 905 1138 972 άνακεκλάσθω

126 1018 202 1092 ὄψις
224 1014 245 1097 ι]
264 1017 367 1078 ΒΓΔ.
404 1012 499 1095 λέγω,
521 1013 572 1077 ὅτι
594 1011 615 1095 ἡ
639 1010 957 1096 άνακλασθησομένη
981 1015 1059 1091 ἄψις
1077 1013 1137 1078 άπὸ

125 1131 184 1204 τῆς
207 1120 385 1196 ἐλάσσονος
407 1122 552 1204 σφαίρας
574 1117 627 1183 ἐπὶ
649 1119 687 1182 τὸ
710 1124 743 1182 Δ
771 1120 848 1183 οὔτε
871 1120 927 1183 διὰ
949 1128 1011 1183 τοῦ
1037 1123 1069 1184 Γ
1086 1140 1137 1184 πε-

126 1240 230 1292 σεῖται
258 1228 333 1291 οὔτε
357 1225 448 1301 ἐκτὸς
475 1234 535 1290 τοῦ
560 1228 594 1289 Γ.
640 1223 783 1290 πιπτέτω
811 1225 875 1308 γάρ
898 1228 1079 1311 πρότερον,
1111 1228 1138 1291 εί

74 1347 107 1394 10
126 1336 286 1416 δυνατόν,
310 1334 365 1398 διὰ
388 1341 448 1397 τοῦ
472 1334 510 1414 Γ,
536 1330 592 1396 καὶ
615 1331 852 1397 άνακεκλάσθω
876 1332 941 1398 άπὸ
963 1342 1023 1416 τῆς
1047 1333 1136 1398 ἐλάσ-

125 1458 224 1517 σονος
246 1443 391 1524 σφαίρας
418 1437 470 1503 ἐπὶ
493 1439 530 1503 τὸ
553 1444 586 1502 Λ
613 1436 669 1503 καὶ
692 1441 774 1503 ἔστω
797 1439 818 1523 ἡ
841 1442 957 1522 ΒΕΔ,
986 1437 1041 1503 καὶ
1070 1439 1135 1504 ἐπε-

126 1549 252 1630 ζεύχθω
277 1546 340 1610 άπὸ
363 1555 423 1610 τοῦ
440 1549 469 1609 Θ
491 1543 544 1610 ἐπὶ
566 1546 603 1609 τὸ
619 1548 651 1609 Γ
669 1544 723 1610 καὶ
743 1544 953 1629 ἐκβεβλήσθω
974 1545 1027 1611 ἐπὶ
1047 1548 1084 1613 τὸ
1098 1550 1134 1610 Κ.

126 1655 201 1736 δίχα
226 1654 267 1736 ὃν]
290 1664 380 1736 τεμεῖ
400 1651 420 1734 η
441 1654 542 1717 MK
562 1654 623 1736 τὴν
644 1651 711 1717 ὑπὸ
730 1663 797 1716 τῶν
815 1655 912 1716 ΒΓΔ
935 1657 1064 1734 γωνίαν
1085 1655 1136 1718 διὰ

124 1760 161 1824 τὸ
185 1761 246 1843 τὴν
269 1761 365 1822 ΒΓΔ
394 1765 466 1833 ίσας
492 1769 601 1822 ποιεῖν
627 1761 751 1841 γωνίας
777 1759 861 1843 πρὸς
882 1769 922 1844 τῇ
943 1763 1136 1846 περιφερείᾳ

73 1878 105 1927 15
126 1868 181 1931 διὰ
204 1868 265 1950 τὴν
288 1864 479 1930 ἀνάκλασιν.
516 1866 572 1929 διὰ
594 1865 634 1928 τὰ
657 1865 741 1929 αὐτὰ
765 1861 879 1930 δὲκαὶ
902 1866 923 1949 ἡ
946 1865 1011 1930 άπὸ
1030 1876 1091 1931 τοῦ
1110 1870 1136 1930 Θ

125 1970 178 2037 ἐπὶ
200 1974 237 2037 τὸ
254 1977 286 2036 Ε
308 1970 562 2056 ἐπιζευγνυμένη
584 1970 640 2035 καὶ
658 1971 857 2055 ἐκβληθεῖσα
877 1973 953 2055 δίχα
972 1985 1065 2057 τεμεῖ
1080 1974 1137 2056 τὴν

123 2078 189 2143 ὑπὸ
212 2082 322 2142 ΒΕΔ.
368 2077 509 2162 τεμνέτω
536 2076 592 2142 καὶ
620 2080 702 2142 ἔστω
728 2076 748 2160 ἡ
774 2082 881 2142 ΘΕΖ.
927 2077 998 2143 ἐπεὶ
1020 2083 1137 2163 μείζων

125 2181 215 2248 ἐστὶν
246 2185 267 2268 ι]
294 2182 507 2269 περιεχομένη
535 2184 601 2249 ὑπὸ
628 2196 696 2249 τῶν
723 2187 819 2249 ΒΓΔ
849 2194 908 2268 τῆς
934 2185 1001 2249 ὑπὸ
1026 2189 1137 2266 ΒΕΔ,

123 2288 179 2354 καὶ
201 2290 221 2372 ἡ
245 2289 375 2374 ἡμίσεια
398 2300 456 2374 τῆς
478 2289 627 2374 ἡμισείας
649 2293 767 2374 μείζων
794 2289 883 2356 ἐστὶν
906 2291 926 2374 η
948 2291 1015 2355 ὑπὸ
1035 2293 1138 2356 ΒΓΚ

69 2408 104 2458 20
122 2406 180 2480 τῆς
202 2396 267 2460 ὑπὸ
290 2399 396 2460 ΒΕΖ.
438 2399 506 2460 ἐστι
530 2393 567 2461 δέ
590 2395 645 2461 καὶ
669 2397 829 2462 ἐλάσσων·
854 2397 933 2481 ὅπερ
957 2396 1134 2463 ἀδύνατον.

123 2503 185 2568 οὐκ
216 2505 280 2589 άρα
316 2501 384 2585 ἥξει
421 2504 477 2566 διά
509 2512 568 2567 τοῦ
601 2506 633 2567 Γ
662 2503 683 2586 ι]
716 2501 929 2587 ἀνακλωμένη
963 2504 1041 2581 ὄψις
1073 2503 1135 2569 άπὸ

123 2619 181 2691 τῆς
204 2609 382 2685 ἐλάσσονος
405 2612 557 2694 σφαίρας.

195 2878 219 2926 1.
239 2872 299 2943 ιβ’]
318 2872 370 2926 ιθ’
385 2873 441 2927 Vv.
514 2877 538 2924 4.
558 2851 657 2940 μείζέιν
676 2888 701 2925 v.
780 2877 803 2925 6.
824 2873 918 2943 ΒΑΘ]
938 2876 960 2924 Β
979 2887 994 2924 e
1014 2887 1084 2926 corr.
1103 2890 1138 2941 m,

123 2946 200 2999 ΒΘΑ
218 2944 255 2998 Μ.
316 2943 375 3033 τῆς]
394 2951 443 3012 τῆς
460 2946 518 2996 ΛΓ
531 2961 567 2996 m.
642 2948 665 2996 8.
685 2943 744 3013 τῆς]
765 2958 818 2996 om.
837 2942 875 2997 M.
935 2940 1084 3005 ἐλάττονος
1102 2943 1138 3011 Μ,

122 3017 169 3069 λῖ
181 3032 216 3068 m.
291 3020 315 3069 9.
335 3015 400 3086 γαρ]
420 3031 504 3083 supra
524 3030 574 3067 scr.
594 3032 630 3068 m.
705 3020 746 3068 10.
767 3010 926 3084 ἐλάσσονος]
946 3016 979 3066 ελ
1000 3032 1038 3068 m.
1096 3019 1136 3067 11.

123 3084 280 3155 ἐπεζεύχθω
300 3117 333 3125 -
354 3092 395 3140 12.
417 3086 457 3156 Γ]
478 3084 672 3156 ἐπιζευχθεῖσα
691 3087 733 3154 (-α
753 3099 768 3137 e
789 3087 868 3153 corr.)
887 3085 904 3153 ἡ
925 3088 981 3138 ΒΓ
995 3102 1033 3138 m.
1097 3090 1137 3138 12.

122 3154 187 3226 καί]
207 3173 259 3210 om.
279 3174 315 3210 m.
407 3162 448 3210 13.
472 3157 540 3228 τῶν]
560 3172 613 3210 om.
633 3157 703 3210 Mm.
795 3162 837 3209 14.
861 3155 904 3227 τό]
925 3172 1011 3224 supra
1030 3172 1082 3210 ser.
1101 3173 1138 3208 m.

160 3230 237 3280 ΒΓΔ
256 3227 324 3296 ὄψιν
343 3246 378 3281 m.
462 3233 503 3282 15.
524 3224 571 3299 δέ]
591 3227 627 3296 δή
645 3226 682 3281 Μ.
765 3232 806 3280 16.
829 3224 894 3298 καί]
915 3227 1016 3281 εὐθεῖα
1036 3224 1086 3283 καί
1103 3244 1137 3280 m.

159 3296 339 3370 ἐκβληθεῖσα]
359 3296 548 3369 ἐκβαλλομέμη
567 3317 603 3353 m.
677 3303 719 3352 17.
739 3294 815 3369 ἐπεί]
835 3298 884 3352 καὶ
899 3295 960 3352 ἐπεί
977 3316 1014 3352 m.
1080 3306 1137 3366 μεῖ-

123 3371 170 3434 ζον
189 3387 214 3423 τ.
305 3375 346 3424 18.
366 3367 561 3441 περιεχομένη]
582 3386 634 3424 om.
654 3388 690 3423 m.
776 3370 843 3440 τῶν]
863 3386 917 3422 om.
936 3388 973 3424 m.
1062 3373 1139 3423 ΒΓΔ

122 3438 211 3509 γωνία
235 3458 271 3494 m.
364 3447 405 3496 19.
424 3441 441 3510 ἡ
461 3441 517 3496 ὑπὸ
537 3445 622 3494 ΒΓΚ
642 3449 692 3511 τῆς
709 3437 837 3510 ἡμισείας
854 3448 903 3510 τῆς
921 3440 976 3494 ὑπὸ
997 3444 1082 3495 ΒΕΖ
1103 3458 1137 3494 m

157 3510 261 3580 malt.)
281 3543 314 3552 -
334 3519 376 3567 20.
396 3513 489 3584 BEZ]
509 3529 562 3566 om.
582 3530 618 3566 m.
683 3517 725 3566 20.
746 3510 819 3566 ἐστιν
837 3512 894 3567 Vv.
962 3509 1084 3566 ἐλάττων
1102 3511 1137 3564 Μ.
