2424 3944
122 173 187 238 208
331 173 542 227 ΟΡΉΟΟΒΠΜ
559 172 740 224 ΒΕΟΕΝΒΙΟ
757 170 926 225 motus.

122 319 284 384 έλιίσσονα
312 320 413 401 λόγον
440 320 518 401 ἔχει,
546 311 587 381 οὗ
610 318 675 399 ἔχει
702 313 723 397 ἡ
747 318 808 379 ΓΑ
834 316 918 401 πρὸς
939 319 1021 380 ΑΒ·
1055 315 1137 381 ὥστε

122 423 143 507 ἡ
167 428 227 489 ΓΑ
248 425 332 511 πρὸς
354 428 420 489 ΑΒ
447 426 579 508 μείζονα
601 424 703 504 λόγον
729 425 795 506 ἔχει
817 424 900 508 ήπερ
923 421 943 505 ἡ
969 426 1032 487 ΖΑ
1056 424 1137 509 πρὸς

123 538 156 597 Α
163 537 201 597 Β
228 525 476 614 πεποιήσθω
438 554 511 614 ουν,
530 531 575 607 ὡς
592 528 612 612 ἡ
628 532 689 594 ΓΑ
984 551 1018 605 Β

107 639 206 723 ,πρὸς
228 642 309 720 ΑΒ,
337 637 443 714 οὕτως
467 636 488 720 ἡ
514 641 579 700 ΖΑ
605 636 690 721 πρὸς

88 743 285 809 οέλοίσσονα
321 751 379 826 τής
411 748 478 808 ΑΒ
512 744 573 827 τήν
605 747 687 806 ΑΔ·
747 722 777 772 [¹
891 732 913 788 Δ

125 851 327 932 ίσογώνια”
306 873 370 935 αρα
394 847 463 914 έστλ
483 850 523 913 τὰ
542 850 688 935 τρίγωνα

122 957 163 1020 τὰ
199 959 309 1038 ΒΓΑ,
341 961 454 1020 ΔΖΑ.
514 956 598 1020 ὥστε
635 961 689 1039 ἴση

124 1060 214 1128 ἐστὶν
245 1061 266 1144 ἡ
298 1062 363 1127 ὑπὸ
392 1065 487 1127 ΓΑΒ
517 1065 624 1145 γωνία
650 1072 690 1148 τή

123 1168 188 1233 ὑπὸ
209 1173 312 1233 ΖΑΔ.
350 1171 470 1253 μείζων
492 1169 557 1253 ἄρα
580 1168 601 1251 ἡ
624 1168 690 1233 ὑπὸ

71 1288 105 1336 10
126 1280 224 1340 ΖΑΒ
248 1277 352 1358 γωνία
375 1284 433 1359 της
455 1275 520 1340 ὑπὸ
546 1278 654 1340 ΓΑΒ.
739 1301 761 1351 z
1097 1283 1126 1342 A

180 1488 288 1555 Ἔστω
316 1491 437 1566 κύκλος
459 1489 477 1554 δ
501 1491 649 1572 ΑΓΒΛ,
675 1485 731 1552 καὶ
758 1489 953 1571 διήχθωσαν
981 1488 1045 1552 δύο
1068 1485 1132 1551 διί-

122 1619 236 1681 μετροι
267 1598 304 1661 αί
329 1600 410 1680 ΑΒ,
435 1599 496 1660 ΓΛ
528 1592 706 1679 τέμνουσαι
733 1594 877 1678 ἀλλήλας
906 1596 992 1680 πρὸς
1023 1593 1131 1682 ὀρθάς,

124 1704 211 1787 δμμα
240 1699 276 1767 δὲ
303 1705 385 1768 ἔστω
413 1704 451 1767 τὸ
479 1708 524 1787 E,
555 1699 614 1786 ἀφ’
641 1696 682 1766 οὗ
711 1701 731 1785 ή
760 1698 813 1766 ἐπὶ
840 1702 877 1765 τὸ
904 1698 1046 1788 κέντρον
1072 1701 1131 1767 ἐπι-

125 1808 324 1894 ζεύγνυμένη
347 1809 368 1892 ἡ
392 1814 455 1873 ΕΖ
477 1809 561 1894 πρὸς
584 1807 691 1894 ὀρθὰς
712 1805 774 1893 μὲν
796 1810 879 1873 ἔστω
902 1817 942 1894 τῇ
963 1811 1036 1893 ΓΔ,
1059 1809 1131 1896 πρὸς

72 1927 105 1975 15
125 1913 161 1980 δὲ
188 1917 250 1998 τήν
272 1919 338 1978 ΑΒ
366 1923 534 1997 τυχοῦσαν
560 1917 688 1996 γωνίαν
713 1912 902 2000 περιεχέτω,
933 1913 991 1980 καὶ
1014 1913 1131 1997 ἔστωή

124 2027 188 2087 EZ
216 2019 370 2106 ἑκατέρας
396 2031 464 2084 τῶν
492 2020 528 2085 ἐκ
554 2030 615 2086 τοῦ
641 2020 781 2107 κέντρου
809 2024 935 2105 μείζων.
984 2021 1055 2088 ἐπεὶ
1079 2018 1131 2089 οὖν

9 2171 11 2177 .
124 2127 145 2210 ἡ
170 2130 231 2192 ΓΔ
262 2124 398 2214 ἑκατέρᾳ
424 2136 492 2191 τῶν
520 2132 597 2212 ΑΒ,
620 2132 684 2192 ΕΖ
716 2127 785 2192 ἐστι
816 2129 901 2214 πρὸς
931 2127 1056 2215 ὀρθάς,
1085 2125 1132 2195 καί

124 2233 232 2298 πάντα
258 2235 323 2320 ίίρα
349 2234 390 2297 τὰ
417 2233 474 2297 διὰ
502 2242 560 2316 τής
589 2237 650 2299 ΓΛ
677 2233 814 2300 ἐπίπεδα
843 2234 1070 2321 ἐκβαλλόμενα
1094 2244 1132 2324 τῷ

125 2339 182 2402 διὰ
204 2349 272 2404 τῶν
294 2343 372 2423 ΕΖ,
390 2343 455 2404 ΑΒ
480 2337 622 2427 ἐπιπέδῳ
649 2342 732 2428 πρὸς
759 2340 867 2427 ὀρθάς
894 2341 995 2408 έστιν.
1047 2346 1131 2429 ήχθω

71 2458 107 2508 20
126 2442 188 2512 οὖν
210 2445 274 2511 ἀπὸ
297 2454 358 2510 τοῦ
381 2429 425 2511 E¹
438 2450 574 2532 σημείου
602 2444 656 2512 ἐπὶ
682 2448 720 2512 τὸ
742 2447 961 2533 ὑποκείμενον
985 2449 1132 2516 ἐπίπεδον

125 2552 278 2629 κάθετος·
310 2551 363 2618 ἐπὶ
390 2555 452 2637 τήν
477 2555 595 2636 κοινήν
622 2555 687 2640 ίίρα
713 2555 819 2638 τομήν
845 2557 956 2620 πίπτει
981 2568 1051 2623 τῶν
1074 2556 1131 2622 ἐπι-

125 2657 236 2724 πέδων
263 2660 324 2742 τήν
349 2664 423 2725 ΑΒ.
473 2658 615 2726 πιπτέτω
644 2656 707 2726 οὖν
733 2658 789 2726 καὶ
816 2663 897 2727 ἔστω
925 2660 946 2744 ἡ
972 2667 1056 2748 ΕΚ,
1085 2658 1131 2728 καί

126 2767 255 2849 διήχθω
279 2766 453 2853 διάμετρος
470 2767 491 2850 ή
510 2771 550 2831 Η
553 2770 591 2851 Θ,
613 2766 668 2832 καλ
690 2771 815 2833 κείσθω
838 2777 879 2854 τῇ
896 2767 1064 2859 διαμέτρῳ
1081 2774 1130 2835 τοῦ

126 2873 250 2938 κύκλου
278 2878 332 2956 ἴση
359 2873 380 2956 ἡ
408 2878 489 2939 ΛΜ
515 2871 570 2938 καὶ
601 2875 774 2958 τετμήσθω
807 2875 884 2958 δίχα
914 2876 1000 2940 κατὰ
1032 2877 1129 2956 τὸΝ,

199 3177 222 3225 3.
247 3170 419 3226 πεποιείσθω
438 3190 463 3226 v.
555 3178 579 3227 ὅ.
603 3175 672 3245 ΑΔ]
696 3189 765 3228 corr.
785 3178 943 3228 exABm.
964 3175 1033 3231 1V.
1107 3177 1126 3224 6

128 3239 276 3296 ἐστίνλλι.
351 3250 373 3299 7
394 3244 485 3314 ΒΓΑ]
504 3248 526 3297 Α
545 3260 613 3298 corr.
634 3260 667 3298 ex
686 3251 766 3299 Am.
780 3260 834 3299 ree
849 3244 883 3301 V.
957 3251 983 3301 9.
1002 3248 1125 3316 μεῖζον

165 3319 205 3368 10
228 3315 598 3438 ΖΑΒχΒοοοιτωΗιοο
613 3315 646 3370 V
702 3321 783 3384 11.μ
788 3316 860 3385 Vp
865 3333 891 3385 v,
911 3316 966 3372 del
986 3335 1012 3374 v.
1066 3315 1125 3371 Ante

128 3384 261 3437 δίοοωιε
338 3386 371 3442 V.
449 3391 490 3442 17.
511 3386 660 3441 ἐστμνλίτ
742 3392 784 3442 20
804 3386 924 3456 Ροιλση
927 3383 1125 3457 μείουοδδιν

128 3454 221 3508 media
240 3455 368 3510 linea-
387 3458 442 3512 Vv.
525 3464 568 3512 23
589 3459 659 3529 ΗΘ]
679 3473 747 3513 corr.
768 3474 803 3512 ex
822 3408 946 3515 Βυλλίμ
1011 3465 1053 3515 24.
1070 3454 1124 3513 Post

128 3531 195 3579 ΛΜ
209 3526 263 3581 del.
283 3528 353 3595 πρὸς
372 3527 462 3597 ὀρθάς
480 3547 506 3598 p.
