2424 3944
267 130 478 183 orricoauu
495 130 673 183 recursio
691 131 856 185 ramerus
1000 130 1065 194 237

56 273 101 337 sit
125 277 233 337 autem
257 276 376 337 Br=
391 277 423 337 A
430 278 470 358 Z,
497 277 530 337 et
553 273 674 339 circum
697 278 765 339 ΒΓ
788 279 991 360 segmentum
1015 277 1066 340 de-

55 379 227 464 scribatur,
245 380 331 464 quod
349 384 476 464 partem
496 379 661 445 dimidiam
680 381 792 466 anguli
808 384 843 444 K
859 381 974 466 capiat.
1005 382 1065 446 ita·

56 508 119 569 que
152 489 227 561 LK
244 517 285 538 =
306 486 377 550 2A.
433 508 511 573 ergo
540 491 605 551 ΛΖ
636 486 734 570 duplo
766 487 871 551 maior
899 488 1065 573 adparebit

55 613 153 675 quam
179 596 247 656 ΒΓ
266 591 368 656 oeulis
390 592 426 656 in
450 593 588 658 arcubus
612 597 682 657 ΛΚ
687 598 726 677 Ζ,
745 598 808 657 ΒΔ
815 597 847 658 Γ
862 594 989 677 positis.

533 875 586 941 49.

122 1017 403 1103 Magnitudinibus
423 1017 550 1102 aequali
565 1010 728 1082 celeritatis
747 1018 845 1082 motis
860 1023 893 1082 et
906 1017 942 1082 in
955 1018 1066 1082 eadem

54 1129 145 1189 reete
175 1124 292 1209 positis
325 1125 366 1189 ad
403 1125 531 1190 oculum
564 1125 793 1190 adeedentibus
830 1124 947 1190 ultima
977 1147 1068 1210 prae-

55 1232 168 1296 cedere
181 1230 355 1317 uidebitur,
372 1231 621 1317 praetergressis
637 1235 745 1296 autem
759 1232 953 1315 praecedens
967 1232 1069 1318 sequi,

56 1359 195 1421 sequens
218 1337 408 1421 praecedere
431 1337 604 1401 uidebitur.

124 1461 250 1544 aequali
278 1461 364 1525 enim
390 1461 553 1563 eeleritate
577 1466 771 1526 moueantur
794 1464 865 1547 ΒΓ,
887 1466 968 1547 ΛΖ,
990 1465 1067 1546 ΚΛ,

56 1573 90 1633 et
118 1567 158 1633 ab
182 1572 227 1632 M
249 1568 342 1632 oculo
371 1567 521 1633 adeidant
550 1567 632 1632 radii
655 1571 742 1653 ΜΓ,
760 1572 847 1652 ΜΖ,
865 1572 949 1633 ΜΛ.
995 1572 1073 1633 ΜΓ

702 1674 804 1760 igitur
837 1697 854 1739 e
889 1674 988 1739 radiis
1025 1675 1066 1738 ab

67 1779 104 1836 B
208 1764 240 1815 Γ
609 1762 647 1830 Ξ
703 1780 797 1845 oculo
845 1780 1066 1845 adsidentibus

702 1886 841 1951 maxime
856 1886 1004 1952 sublimis
1017 1891 1067 1952 est

702 1997 734 2058 et
754 1993 794 2057 ad
811 1996 921 2077 partes
938 1994 1066 2058 dextras

624 2176 627 2182 Ι
700 2099 840 2186 positus3
873 2122 972 2185 quare
1005 2102 1073 2164 ΒΓ

700 2207 892 2292 praeoedere
947 2205 1068 2270 uidebi-

702 2319 766 2379 tur.
818 2312 1068 2398 praetergressis

702 2424 811 2484 autem
830 2422 901 2502 ΒΓ,
915 2423 949 2483 Δ
955 2422 990 2503 Ζ,
1005 2422 1069 2482 ΚΛ

703 2526 744 2589 ad
776 2524 858 2610 Na,
891 2530 969 2608 ΠΡ,
1002 2528 1074 2589 ΣΤ

702 2631 785 2695 radii
799 2635 886 2716 MN,
896 2636 982 2715 ΜΠ,
992 2635 1072 2695 ΜΣ

704 2737 863 2802 adsident.
906 2759 945 2801 ex
969 2736 1069 2801 omni-

55 2843 118 2907 bus
142 2841 244 2928 igitur
267 2841 381 2927 radiis,
408 2842 463 2926 qui
491 2843 532 2906 ab
557 2843 651 2907 oculo
675 2843 841 2928 adeidunt,
867 2843 1005 2907 maxime
1029 2843 1070 2906 ad

27 2973 30 2978 ·
55 2951 166 3035 partes
182 2949 311 3012 dextras
325 2947 451 3031 positus
467 2953 517 3013 est
532 2953 616 3034 ΜΣ,
635 2950 675 3015 ad
691 2949 840 3014 sinistras
855 2954 964 3014 autem
977 2953 1060 3014 MN
1061 2973 1069 3033 3

57 3076 157 3138 quare
190 3057 263 3118 ΣΤ
288 3055 478 3139 praecedere
510 3055 690 3142 uidebitur,
725 3060 764 3121 N
767 3054 797 3129 Ξ
826 3061 935 3120 autem
968 3054 1068 3139 sequi.

56 3182 137 3247 erge
171 3164 240 3225 ΒΓ
266 3161 457 3246 magnitudo
483 3162 691 3247 praecedens,
724 3183 798 3226 eum
832 3163 872 3226 ad
899 3161 969 3236 ΝΞ
996 3185 1069 3247 per-

56 3267 193 3353 uenerit,
213 3266 304 3351 sequi
322 3266 495 3351 uidebitur,
515 3270 585 3331 ΛΚ
599 3289 677 3332 uero
693 3290 840 3354 sequens,
858 3291 932 3334 eum
947 3270 987 3334 ad
1001 3273 1075 3334 ΣΤ

55 3374 255 3460 peruenerit,
275 3373 465 3457 praecedere
489 3373 660 3439 uidebitur.
