2424 3944
303 156 511 209 orricorunr
528 157 706 210 ancsnsro
725 158 890 210 THEONIS.
1035 156 1098 220 185

94 303 171 363 AN
198 299 348 379 cadent..
377 321 488 363 rursus
520 299 621 385 igitur
652 305 686 364 A
718 300 830 365 oculus
863 301 903 364 ad
935 305 965 364 P
996 305 1099 365 trans·

91 410 247 491 ponatur,
278 410 310 470 et
338 405 459 470 circum
482 409 550 470 PK
575 405 714 470 circulus
742 407 956 489 describatur,
984 407 1100 471 ducan-

92 517 210 596 turque
233 517 302 597 ΡΖ,
326 516 404 597 ΖΚ,
431 517 504 597 ΡΣ,
526 515 602 576 ΣΚ.
647 512 756 595 itaque
785 517 859 597 ΡΖ,
882 517 948 576 ΡΣ
971 513 1007 576 in
1032 535 1097 576 uno

91 623 214 703 puncto
240 620 410 703 sphaeram
434 619 639 704 contingunt,
667 624 700 683 et
728 618 783 703 qui
811 619 851 683 ab
875 624 905 682 P
928 619 1022 684 oculo
1047 620 1099 683 ad-

92 725 204 791 cidunt
222 726 313 810 radii,
335 748 393 811 per
412 730 481 811 ΡΖ,
499 730 565 789 ΡΣ
584 726 707 790 cadent.
744 746 842 809 quare
865 726 906 789 ab
930 726 1048 812 angulo
1072 730 1103 789 P

92 832 235 897 cernitur
251 838 323 916 ΖΣ,
338 855 357 896 a
370 837 403 896 A
417 837 526 897 autem
540 837 579 896 N
581 835 657 917 ΖΛ,
677 836 727 895 est
741 837 850 897 autem
864 837 903 896 N
905 836 1012 906 ΖΛ>
1024 838 1097 897 ΖΣ.

91 938 221 1003 uidetur
244 943 352 1002 autem
374 938 480 1003 minus
504 960 588 1024 esse3
610 960 686 1003 nam
709 943 817 1014 LP>
832 944 874 1024 A,
897 944 929 1003 et
952 960 1033 1022 quae
1057 939 1098 1003 ab

93 1045 213 1128 angulo
246 1044 367 1109 maiore
399 1049 588 1130 cernuntur,
619 1044 743 1109 maiora
772 1045 927 1129 adparent
955 1045 1029 1128 [def.
1053 1044 1099 1129 4].

92 1172 171 1236 ergo
202 1156 270 1215 ΖΣ
294 1150 398 1215 maius
425 1151 553 1215 uidetur
576 1172 646 1214 esse
674 1174 771 1235 quam
793 1154 912 1236 NZA,
944 1155 994 1215 est
1020 1172 1098 1215 uero

91 1278 207 1320 m1nus.

570 1363 621 1428 25.

159 1468 225 1534 Ubi
245 1470 382 1554 sphaera
400 1469 558 1534 ambobus
578 1468 679 1534 oculis
699 1468 850 1553 cernitur,
873 1468 901 1532 si
922 1469 1097 1534 diametrus

92 1577 247 1662 sphaerae
270 1581 385 1661 rectae,
409 1598 506 1659 quam
530 1575 616 1640 oculi
638 1575 723 1639 inter
744 1596 777 1638 se
800 1574 932 1661 distant,
955 1575 1097 1660 aequalis

542 1685 601 1766 est,
621 1679 896 1764 hemisphaerium
920 1685 1075 1745 cernetur.

601 1787 645 1852 sit
687 1787 774 1851 enim
814 1787 964 1873 sphaera,
1005 1787 1095 1852 cuius

128 1794 456 2122 Α
540 1893 717 1959 diametrus
745 1894 789 1958 sit
811 1897 886 1976 ΒΓ,
919 1899 952 1959 et
975 1917 994 1958 a
1016 1898 1055 1979 Β,
1070 1897 1102 1958 Γ

139 2064 152 2107 ,¹
537 2000 817 2086 perpendiculares
843 2002 1001 2065 ducantur
1025 2005 1054 2065 Β
1061 2006 1097 2086 Ζ,

462 2074 492 2132 Γ
538 2109 607 2194 ΓΛ,
624 2111 657 2172 et
672 2130 691 2172 a
706 2112 733 2172 Z
747 2111 853 2172 rectae
863 2109 931 2170 ΒΓ
943 2107 1097 2192 parallela

539 2214 675 2279 ducatur
704 2218 782 2299 ZA,
814 2218 847 2279 et
875 2214 956 2278 alter
984 2215 1095 2280 oculus

537 2319 573 2384 in
596 2327 632 2406 Ζ,
656 2321 738 2386 alter
760 2321 796 2384 in
814 2324 845 2384 A
864 2320 1054 2406 collocetur,
1077 2345 1097 2386 a

538 2431 650 2491 centro
683 2431 791 2491 autem
825 2431 858 2490 A
894 2432 1000 2491 rectae
1028 2431 1095 2492 ΒΖ

537 2533 693 2616 parallela
715 2533 852 2597 ducatur
870 2537 949 2598 AK.
985 2534 1096 2618 itaque

539 2637 567 2702 si
612 2644 762 2704 manente
804 2643 883 2703 ΔΚ
928 2641 1096 2723 parallelo-

96 2753 119 2803 Ζ
267 2760 306 2818 K
449 2754 478 2815 A
540 2765 721 2830 grammum
767 2749 842 2810 RK
886 2746 1096 2812 circumuolu-

540 2854 612 2916 tum
634 2873 745 2916 rursus
770 2853 810 2916 ad
833 2853 968 2916 eundem
988 2853 1096 2917 locum

88 2950 290 3038 restituitur,
319 2954 401 3018 unde
425 2956 502 3021 ferri
526 2961 676 3042 coeptum
699 2961 761 3041 est,
789 2958 893 3043 figura
916 2981 935 3022 a
956 2962 1024 3022 BA
1047 2959 1098 3023 de-

88 3059 213 3142 scripta
240 3060 379 3125 circulus
408 3063 483 3147 erit,
511 3063 567 3147 qui
594 3086 652 3149 per
679 3067 825 3128 centrum
849 3064 1002 3147 sphaerae
1025 3086 1097 3148 pro-

90 3221 123 3271 N
129 3221 162 3288 Z,
182 3219 246 3273 add.
267 3221 321 3271 ΣΛ
340 3237 375 3273 m.
396 3226 424 3287 2,
443 3238 470 3288 p.
544 3220 616 3277 ἔστιν
635 3221 691 3275 Vv.
778 3226 820 3276 20.
840 3221 930 3289 Supra
947 3219 1025 3289 παρά
1044 3238 1094 3277 scr.

87 3288 152 3357 ἥτοι
171 3286 345 3358 παράλληλος
368 3308 403 3343 m.
423 3308 476 3345 rec.
495 3292 528 3345 V.
620 3295 675 3345 ΒΓ
709 3293 774 3360 post
793 3297 814 3345 Β
833 3308 886 3346 ras.
905 3291 939 3347 V.
1032 3294 1095 3364 ΖΛ]

89 3377 159 3414 corr.
171 3376 206 3414 ex
218 3364 265 3414 ΖΔ
274 3379 309 3415 m.
320 3377 373 3415 rec.
385 3360 418 3415 V.
473 3360 682 3430 21.Ans'urpcv
708 3360 895 3432 κέντρουΔρ.
950 3370 992 3418 22.
1008 3363 1097 3432 Supra

88 3431 168 3500 παρά
187 3449 237 3486 scr.
257 3430 431 3501 παράλληλος
448 3451 483 3488 m.
503 3449 556 3487 rec.
575 3433 608 3488 V.
664 3431 727 3504 sav]
746 3433 776 3487 in
794 3451 848 3489 ras.
867 3452 903 3488 m.
924 3439 938 3486 1
957 3434 991 3489 V.
1051 3441 1092 3489 26.

88 3501 121 3565 ὅς
139 3503 181 3575 γε]
201 3523 215 3565 ς
233 3505 262 3557 et
280 3524 297 3573 γ
315 3503 345 3555 in
363 3520 416 3559 ras.
435 3522 471 3559 m.
492 3510 506 3557 1
526 3503 558 3559 V.
631 3503 710 3575 ὥστε]
730 3503 765 3558 ὥ·
784 3503 814 3561 in
832 3522 885 3560 ras.
905 3523 940 3560 m.
961 3512 974 3558 1
994 3505 1028 3559 V.
